|j|☆ma454567
|j|☆saqq17
|t:|1686006126
|gametype|singles
|player|p1|ma454567|hiker-gen4|1185
|player|p2|saqq17|shadowtriad|1092
|teamsize|p1|6
|teamsize|p2|6
|gen|9
|tier|[Gen 9] OU
|rated|
|rule|Sleep Clause Mod: Limit one foe put to sleep
|rule|Species Clause: Limit one of each Pokémon
|rule|OHKO Clause: OHKO moves are banned
|rule|Evasion Items Clause: Evasion items are banned
|rule|Evasion Moves Clause: Evasion moves are banned
|rule|Endless Battle Clause: Forcing endless battles is banned
|rule|HP Percentage Mod: HP is shown in percentages
|clearpoke
|poke|p1|Iron Moth|
|poke|p1|Great Tusk|
|poke|p1|Kingambit, M|
|poke|p1|Gholdengo|
|poke|p1|Meowscarada, M|
|poke|p1|Chien-Pao|
|poke|p2|Blissey, F|
|poke|p2|Great Tusk|
|poke|p2|Iron Valiant|
|poke|p2|Hydreigon, M|
|poke|p2|Grafaiai, M|
|poke|p2|Zamazenta-*|
|teampreview
|inactive|Battle timer is ON: inactive players will automatically lose when time's up. (requested by saqq17)
|inactive|ma454567 also wants the timer to be on.
|
|t:|1686006131
|start
|switch|p1a: Meowscarada|Meowscarada, M|100/100
|switch|p2a: Grafaiai|Grafaiai, M|100/100
|turn|1
|
|t:|1686006139
|move|p2a: Grafaiai|Parting Shot|p1a: Meowscarada
|-hint|Since gen 7, Dark is immune to Prankster moves.
|-immune|p1a: Meowscarada
|move|p1a: Meowscarada|Spikes|p2a: Grafaiai
|-sidestart|p2: saqq17|Spikes
|
|upkeep
|turn|2
|
|t:|1686006146
|move|p1a: Meowscarada|Spikes|p2a: Grafaiai
|-sidestart|p2: saqq17|Spikes
|move|p2a: Grafaiai|Gunk Shot|p1a: Meowscarada
|-supereffective|p1a: Meowscarada
|-enditem|p1a: Meowscarada|Focus Sash
|-damage|p1a: Meowscarada|1/100
|
|upkeep
|turn|3
|
|t:|1686006156
|move|p1a: Meowscarada|Knock Off|p2a: Grafaiai
|-damage|p2a: Grafaiai|13/100
|-enditem|p2a: Grafaiai|Heavy-Duty Boots|[from] move: Knock Off|[of] p1a: Meowscarada
|move|p2a: Grafaiai|Knock Off|p1a: Meowscarada
|-resisted|p1a: Meowscarada
|-damage|p1a: Meowscarada|0 fnt
|faint|p1a: Meowscarada
|
|upkeep
|
|t:|1686006175
|switch|p1a: Kingambit|Kingambit, M|100/100
|-activate|p1a: Kingambit|ability: Supreme Overlord
|-start|p1a: Kingambit|fallen1|[silent]
|turn|4
|
|t:|1686006180
|move|p2a: Grafaiai|Parting Shot|p1a: Kingambit
|-hint|Since gen 7, Dark is immune to Prankster moves.
|-immune|p1a: Kingambit
|move|p1a: Kingambit|Sucker Punch||[still]
|-fail|p1a: Kingambit
|
|upkeep
|turn|5
|
|t:|1686006188
|move|p2a: Grafaiai|Encore|p1a: Kingambit
|-hint|Since gen 7, Dark is immune to Prankster moves.
|-immune|p1a: Kingambit
|move|p1a: Kingambit|Sucker Punch||[still]
|-fail|p1a: Kingambit
|
|upkeep
|turn|6
|
|t:|1686006195
|switch|p2a: Great Tusk|Great Tusk|100/100
|-damage|p2a: Great Tusk|84/100|[from] Spikes
|move|p1a: Kingambit|Kowtow Cleave|p2a: Great Tusk
|-resisted|p2a: Great Tusk
|-damage|p2a: Great Tusk|67/100
|-damage|p1a: Kingambit|84/100|[from] item: Rocky Helmet|[of] p2a: Great Tusk
|
|upkeep
|turn|7
|
|t:|1686006210
|-end|p1a: Kingambit|fallen1|[silent]
|switch|p1a: Great Tusk|Great Tusk|100/100
|move|p2a: Great Tusk|Earthquake|p1a: Great Tusk
|-damage|p1a: Great Tusk|77/100
|
|-heal|p1a: Great Tusk|83/100|[from] item: Leftovers
|upkeep
|turn|8
|
|t:|1686006219
|move|p1a: Great Tusk|Stealth Rock|p2a: Great Tusk
|-sidestart|p2: saqq17|move: Stealth Rock
|move|p2a: Great Tusk|Rapid Spin|p1a: Great Tusk
|-damage|p1a: Great Tusk|76/100
|-boost|p2a: Great Tusk|spe|1
|-sideend|p2: saqq17|Spikes|[from] move: Rapid Spin|[of] p2a: Great Tusk
|-sideend|p2: saqq17|Stealth Rock|[from] move: Rapid Spin|[of] p2a: Great Tusk
|
|-heal|p1a: Great Tusk|82/100|[from] item: Leftovers
|upkeep
|turn|9
|
|t:|1686006229
|move|p2a: Great Tusk|Knock Off|p1a: Great Tusk
|-resisted|p1a: Great Tusk
|-damage|p1a: Great Tusk|75/100
|-enditem|p1a: Great Tusk|Leftovers|[from] move: Knock Off|[of] p2a: Great Tusk
|move|p1a: Great Tusk|Knock Off|p2a: Great Tusk
|-resisted|p2a: Great Tusk
|-damage|p2a: Great Tusk|60/100
|-damage|p1a: Great Tusk|58/100|[from] item: Rocky Helmet|[of] p2a: Great Tusk
|-enditem|p2a: Great Tusk|Rocky Helmet|[from] move: Knock Off|[of] p1a: Great Tusk
|
|upkeep
|turn|10
|
|t:|1686006241
|move|p2a: Great Tusk|Earthquake|p1a: Great Tusk
|-damage|p1a: Great Tusk|34/100
|move|p1a: Great Tusk|Earthquake|p2a: Great Tusk
|-damage|p2a: Great Tusk|38/100
|
|upkeep
|turn|11
|
|t:|1686006248
|move|p2a: Great Tusk|Earthquake|p1a: Great Tusk
|-damage|p1a: Great Tusk|12/100
|move|p1a: Great Tusk|Stealth Rock|p2a: Great Tusk
|-sidestart|p2: saqq17|move: Stealth Rock
|
|upkeep
|turn|12
|
|t:|1686006265
|-end|p1a: Great Tusk|Protosynthesis|[silent]
|switch|p1a: Gholdengo|Gholdengo|100/100
|move|p2a: Great Tusk|Rapid Spin|p1a: Gholdengo
|-immune|p1a: Gholdengo
|
|upkeep
|turn|13
|
|t:|1686006273
|move|p1a: Gholdengo|Shadow Ball|p2a: Great Tusk
|-damage|p2a: Great Tusk|0 fnt
|faint|p2a: Great Tusk
|-end|p2a: Great Tusk|Protosynthesis|[silent]
|
|upkeep
|
|t:|1686006287
|switch|p2a: Hydreigon|Hydreigon, M|100/100
|-damage|p2a: Hydreigon|88/100|[from] Stealth Rock
|turn|14
|
|t:|1686006302
|switch|p1a: Kingambit|Kingambit, M|84/100
|-activate|p1a: Kingambit|ability: Supreme Overlord
|-start|p1a: Kingambit|fallen1|[silent]
|move|p2a: Hydreigon|Earth Power|p1a: Kingambit
|-supereffective|p1a: Kingambit
|-damage|p1a: Kingambit|20/100
|
|upkeep
|turn|15
|
|t:|1686006312
|move|p1a: Kingambit|Sucker Punch|p2a: Hydreigon
|-resisted|p2a: Hydreigon
|-damage|p2a: Hydreigon|56/100
|move|p2a: Hydreigon|Earth Power|p1a: Kingambit
|-supereffective|p1a: Kingambit
|-crit|p1a: Kingambit
|-damage|p1a: Kingambit|0 fnt
|faint|p1a: Kingambit
|-end|p1a: Kingambit|fallen1|[silent]
|
|upkeep
|
|t:|1686006323
|switch|p1a: Chien-Pao|Chien-Pao|100/100
|-ability|p1a: Chien-Pao|Sword of Ruin
|turn|16
|
|t:|1686006332
|switch|p2a: Grafaiai|Grafaiai, M|13/100
|-damage|p2a: Grafaiai|0 fnt|[from] Stealth Rock
|faint|p2a: Grafaiai
|move|p1a: Chien-Pao|Swords Dance|p1a: Chien-Pao
|-boost|p1a: Chien-Pao|atk|2
|
|upkeep
|
|t:|1686006335
|switch|p2a: Zamazenta|Zamazenta|100/100
|-damage|p2a: Zamazenta|94/100|[from] Stealth Rock
|-ability|p2a: Zamazenta|Dauntless Shield|boost
|-boost|p2a: Zamazenta|def|1
|turn|17
|
|t:|1686006347
|-terastallize|p1a: Chien-Pao|Ghost
|move|p2a: Zamazenta|Close Combat|p1a: Chien-Pao
|-immune|p1a: Chien-Pao
|move|p1a: Chien-Pao|Sacred Sword|p2a: Zamazenta
|-damage|p2a: Zamazenta|19/100
|
|upkeep
|turn|18
|
|t:|1686006360
|switch|p2a: Iron Valiant|Iron Valiant|100/100
|-enditem|p2a: Iron Valiant|Booster Energy
|-activate|p2a: Iron Valiant|ability: Quark Drive|[fromitem]
|-start|p2a: Iron Valiant|quarkdrivespe
|-damage|p2a: Iron Valiant|94/100|[from] Stealth Rock
|move|p1a: Chien-Pao|Sacred Sword|p2a: Iron Valiant
|-resisted|p2a: Iron Valiant
|-damage|p2a: Iron Valiant|42/100
|
|upkeep
|turn|19
|
|t:|1686006370
|move|p1a: Chien-Pao|Ice Shard|p2a: Iron Valiant
|-damage|p2a: Iron Valiant|0 fnt
|faint|p2a: Iron Valiant
|-end|p2a: Iron Valiant|Quark Drive|[silent]
|
|upkeep
|
|t:|1686006374
|switch|p2a: Zamazenta|Zamazenta|19/100
|-damage|p2a: Zamazenta|12/100|[from] Stealth Rock
|turn|20
|
|t:|1686006381
|move|p2a: Zamazenta|Crunch|p1a: Chien-Pao
|-supereffective|p1a: Chien-Pao
|-damage|p1a: Chien-Pao|1/100
|move|p1a: Chien-Pao|Sacred Sword|p2a: Zamazenta
|-damage|p2a: Zamazenta|0 fnt
|faint|p2a: Zamazenta
|
|upkeep
|
|t:|1686006388
|switch|p2a: Blissey|Blissey, F, shiny|100/100
|-damage|p2a: Blissey|88/100|[from] Stealth Rock
|turn|21
|
|t:|1686006407
|move|p1a: Chien-Pao|Ice Shard|p2a: Blissey
|-damage|p2a: Blissey|46/100
|move|p2a: Blissey|Seismic Toss|p1a: Chien-Pao
|-immune|p1a: Chien-Pao
|
|-heal|p2a: Blissey|52/100|[from] item: Leftovers
|upkeep
|turn|22
|-message|saqq17 forfeited.
|
|win|ma454567
|raw|ma454567's rating: 1185 → 1203(+18 for winning)
|raw|saqq17's rating: 1092 → 1074(-18 for losing)
|l|☆saqq17
