|j|☆TheDarkMages
|j|☆BuildABot
|t:|1686012124
|gametype|singles
|player|p1|TheDarkMages|steven|1490
|player|p2|BuildABot|blue|1503
|teamsize|p1|6
|teamsize|p2|6
|gen|9
|tier|[Gen 9] OU
|rated|
|rule|Sleep Clause Mod: Limit one foe put to sleep
|rule|Species Clause: Limit one of each Pokémon
|rule|OHKO Clause: OHKO moves are banned
|rule|Evasion Items Clause: Evasion items are banned
|rule|Evasion Moves Clause: Evasion moves are banned
|rule|Endless Battle Clause: Forcing endless battles is banned
|rule|HP Percentage Mod: HP is shown in percentages
|clearpoke
|poke|p1|Clodsire, F|
|poke|p1|Walking Wake|
|poke|p1|Torkoal, F|
|poke|p1|Great Tusk|
|poke|p1|Lilligant-Hisui, F|
|poke|p1|Sandy Shocks|
|poke|p2|Clodsire, M|
|poke|p2|Great Tusk|
|poke|p2|Scream Tail|
|poke|p2|Skeledirge, M|
|poke|p2|Toxapex, M|
|poke|p2|Zamazenta-*|
|teampreview
|
|t:|1686012136
|start
|switch|p1a: Sandy Shocks|Sandy Shocks|100/100
|switch|p2a: Clod|Clodsire, M|100/100
|turn|1
|
|t:|1686012145
|move|p1a: Sandy Shocks|Earth Power|p2a: Clod
|-supereffective|p2a: Clod
|-damage|p2a: Clod|57/100
|move|p2a: Clod|Spikes|p1a: Sandy Shocks
|-sidestart|p1: TheDarkMages|Spikes
|
|-heal|p2a: Clod|63/100|[from] item: Leftovers
|upkeep
|turn|2
|
|t:|1686012151
|move|p1a: Sandy Shocks|Earth Power|p2a: Clod
|-supereffective|p2a: Clod
|-damage|p2a: Clod|11/100
|move|p2a: Clod|Recover|p2a: Clod
|-heal|p2a: Clod|61/100
|
|-heal|p2a: Clod|67/100|[from] item: Leftovers
|upkeep
|turn|3
|
|t:|1686012156
|move|p1a: Sandy Shocks|Earth Power|p2a: Clod
|-supereffective|p2a: Clod
|-damage|p2a: Clod|23/100
|move|p2a: Clod|Recover|p2a: Clod
|-heal|p2a: Clod|73/100
|
|-heal|p2a: Clod|80/100|[from] item: Leftovers
|upkeep
|turn|4
|
|t:|1686012161
|switch|p2a: I SCREAM|Scream Tail|100/100
|move|p1a: Sandy Shocks|Earth Power|p2a: I SCREAM
|-damage|p2a: I SCREAM|78/100
|
|-heal|p2a: I SCREAM|85/100|[from] item: Leftovers
|upkeep
|turn|5
|
|t:|1686012169
|-end|p1a: Sandy Shocks|Protosynthesis|[silent]
|switch|p1a: Clodsire|Clodsire, F|100/100
|-damage|p1a: Clodsire|88/100|[from] Spikes
|move|p2a: I SCREAM|Wish|p2a: I SCREAM
|
|-heal|p2a: I SCREAM|91/100|[from] item: Leftovers
|-heal|p1a: Clodsire|94/100|[from] item: Leftovers
|upkeep
|turn|6
|
|t:|1686012186
|-end|p2a: I SCREAM|Protosynthesis|[silent]
|switch|p2a: Great Tusk|Great Tusk|100/100
|move|p1a: Clodsire|Toxic|p2a: Great Tusk
|-status|p2a: Great Tusk|tox
|
|-heal|p1a: Clodsire|100/100|[from] item: Leftovers
|-damage|p2a: Great Tusk|94/100 tox|[from] psn
|upkeep
|turn|7
|
|t:|1686012192
|switch|p1a: Great Tusk|Great Tusk|100/100
|-damage|p1a: Great Tusk|88/100|[from] Spikes
|move|p2a: Great Tusk|Stealth Rock|p1a: Great Tusk
|-sidestart|p1: TheDarkMages|move: Stealth Rock
|
|-heal|p1a: Great Tusk|94/100|[from] item: Leftovers
|-heal|p2a: Great Tusk|100/100 tox|[from] item: Leftovers
|-damage|p2a: Great Tusk|88/100 tox|[from] psn
|upkeep
|turn|8
|
|t:|1686012201
|move|p1a: Great Tusk|Earthquake|p2a: Great Tusk
|-damage|p2a: Great Tusk|66/100 tox
|move|p2a: Great Tusk|Knock Off|p1a: Great Tusk
|-resisted|p1a: Great Tusk
|-damage|p1a: Great Tusk|85/100
|-enditem|p1a: Great Tusk|Leftovers|[from] move: Knock Off|[of] p2a: Great Tusk
|
|-heal|p2a: Great Tusk|72/100 tox|[from] item: Leftovers
|-damage|p2a: Great Tusk|53/100 tox|[from] psn
|upkeep
|turn|9
|
|t:|1686012214
|-end|p2a: Great Tusk|Protosynthesis|[silent]
|switch|p2a: Zamazenta|Zamazenta|100/100
|-ability|p2a: Zamazenta|Dauntless Shield|boost
|-boost|p2a: Zamazenta|def|1
|move|p1a: Great Tusk|Rapid Spin|p2a: Zamazenta
|-damage|p2a: Zamazenta|93/100
|-boost|p1a: Great Tusk|spe|1
|-sideend|p1: TheDarkMages|Spikes|[from] move: Rapid Spin|[of] p1a: Great Tusk
|-sideend|p1: TheDarkMages|Stealth Rock|[from] move: Rapid Spin|[of] p1a: Great Tusk
|
|-heal|p2a: Zamazenta|99/100|[from] item: Leftovers
|upkeep
|turn|10
|
|t:|1686012220
|-end|p1a: Great Tusk|Protosynthesis|[silent]
|switch|p1a: Clodsire|Clodsire, F|100/100
|move|p2a: Zamazenta|Iron Defense|p2a: Zamazenta
|-boost|p2a: Zamazenta|def|2
|
|-heal|p2a: Zamazenta|100/100|[from] item: Leftovers
|upkeep
|turn|11
|
|t:|1686012224
|switch|p2a: Clod|Clodsire, M|80/100
|move|p1a: Clodsire|Toxic|p2a: Clod
|-immune|p2a: Clod
|
|-heal|p2a: Clod|86/100|[from] item: Leftovers
|upkeep
|turn|12
|
|t:|1686012227
|move|p2a: Clod|Spikes|p1a: Clodsire
|-sidestart|p1: TheDarkMages|Spikes
|move|p1a: Clodsire|Earthquake|p2a: Clod
|-supereffective|p2a: Clod
|-damage|p2a: Clod|25/100
|
|-heal|p2a: Clod|31/100|[from] item: Leftovers
|upkeep
|turn|13
|
|t:|1686012235
|switch|p2a: Great Tusk|Great Tusk|53/100 tox
|move|p1a: Clodsire|Earthquake|p2a: Great Tusk
|-damage|p2a: Great Tusk|41/100 tox
|
|-heal|p2a: Great Tusk|47/100 tox|[from] item: Leftovers
|-damage|p2a: Great Tusk|41/100 tox|[from] psn
|upkeep
|turn|14
|
|t:|1686012238
|switch|p1a: Great Tusk|Great Tusk|85/100
|-damage|p1a: Great Tusk|72/100|[from] Spikes
|move|p2a: Great Tusk|Earthquake|p1a: Great Tusk
|-damage|p1a: Great Tusk|41/100
|
|-heal|p2a: Great Tusk|47/100 tox|[from] item: Leftovers
|-damage|p2a: Great Tusk|35/100 tox|[from] psn
|upkeep
|turn|15
|
|t:|1686012245
|move|p1a: Great Tusk|Ice Spinner|p2a: Great Tusk
|-supereffective|p2a: Great Tusk
|-damage|p2a: Great Tusk|12/100 tox
|move|p2a: Great Tusk|Earthquake|p1a: Great Tusk
|-crit|p1a: Great Tusk
|-damage|p1a: Great Tusk|0 fnt
|faint|p1a: Great Tusk
|-end|p1a: Great Tusk|Protosynthesis|[silent]
|
|-heal|p2a: Great Tusk|18/100 tox|[from] item: Leftovers
|-damage|p2a: Great Tusk|0 fnt|[from] psn
|faint|p2a: Great Tusk
|-end|p2a: Great Tusk|Protosynthesis|[silent]
|upkeep
|
|t:|1686012270
|switch|p1a: Clodsire|Clodsire, F|100/100
|switch|p2a: Toxapex|Toxapex, M|100/100
|-damage|p1a: Clodsire|88/100|[from] Spikes
|turn|16
|
|t:|1686012280
|move|p2a: Toxapex|Toxic Spikes|p1a: Clodsire
|-sidestart|p1: TheDarkMages|move: Toxic Spikes
|move|p1a: Clodsire|Spikes|p2a: Toxapex
|-sidestart|p2: BuildABot|Spikes
|
|-heal|p1a: Clodsire|94/100|[from] item: Leftovers
|upkeep
|turn|17
|
|t:|1686012290
|switch|p1a: Torkoal|Torkoal, F|100/100
|-damage|p1a: Torkoal|88/100|[from] Spikes
|-status|p1a: Torkoal|psn
|-weather|SunnyDay|[from] ability: Drought|[of] p1a: Torkoal
|move|p2a: Toxapex|Toxic Spikes|p1a: Torkoal
|-sidestart|p1: TheDarkMages|move: Toxic Spikes
|
|-weather|SunnyDay|[upkeep]
|-damage|p1a: Torkoal|76/100 psn|[from] psn
|upkeep
|turn|18
|
|t:|1686012299
|switch|p2a: I SCREAM|Scream Tail|91/100
|-damage|p2a: I SCREAM|78/100|[from] Spikes
|-activate|p2a: I SCREAM|ability: Protosynthesis
|-start|p2a: I SCREAM|protosynthesisspd
|move|p1a: Torkoal|Stealth Rock|p2a: I SCREAM
|-sidestart|p2: BuildABot|move: Stealth Rock
|
|-weather|SunnyDay|[upkeep]
|-heal|p2a: I SCREAM|85/100|[from] item: Leftovers
|-damage|p1a: Torkoal|64/100 psn|[from] psn
|upkeep
|turn|19
|
|t:|1686012303
|move|p2a: I SCREAM|Boomburst|p1a: Torkoal
|-damage|p1a: Torkoal|35/100 psn
|move|p1a: Torkoal|Rapid Spin|p2a: I SCREAM
|-damage|p2a: I SCREAM|77/100
|-boost|p1a: Torkoal|spe|1
|-sideend|p1: TheDarkMages|Spikes|[from] move: Rapid Spin|[of] p1a: Torkoal
|-sideend|p1: TheDarkMages|Toxic Spikes|[from] move: Rapid Spin|[of] p1a: Torkoal
|
|-weather|SunnyDay|[upkeep]
|-heal|p2a: I SCREAM|84/100|[from] item: Leftovers
|-damage|p1a: Torkoal|22/100 psn|[from] psn
|upkeep
|turn|20
|
|t:|1686012307
|switch|p1a: Clodsire|Clodsire, F|94/100
|move|p2a: I SCREAM|Boomburst|p1a: Clodsire
|-damage|p1a: Clodsire|82/100
|
|-weather|SunnyDay|[upkeep]
|-heal|p2a: I SCREAM|90/100|[from] item: Leftovers
|-heal|p1a: Clodsire|89/100|[from] item: Leftovers
|upkeep
|turn|21
|
|t:|1686012322
|-end|p2a: I SCREAM|Protosynthesis|[silent]
|switch|p2a: Clod|Clodsire, M|31/100
|-damage|p2a: Clod|18/100|[from] Spikes
|-damage|p2a: Clod|12/100|[from] Stealth Rock
|move|p1a: Clodsire|Earthquake|p2a: Clod
|-supereffective|p2a: Clod
|-damage|p2a: Clod|0 fnt
|faint|p2a: Clod
|
|-weather|SunnyDay|[upkeep]
|-heal|p1a: Clodsire|95/100|[from] item: Leftovers
|upkeep
|
|t:|1686012326
|switch|p2a: Skeledirge|Skeledirge, M|100/100
|-damage|p2a: Skeledirge|88/100|[from] Spikes
|-damage|p2a: Skeledirge|63/100|[from] Stealth Rock
|turn|22
|
|t:|1686012348
|move|p2a: Skeledirge|Will-O-Wisp|p1a: Clodsire
|-status|p1a: Clodsire|brn
|move|p1a: Clodsire|Toxic|p2a: Skeledirge
|-status|p2a: Skeledirge|tox
|
|-weather|SunnyDay|[upkeep]
|-heal|p2a: Skeledirge|69/100 tox|[from] item: Leftovers
|-heal|p1a: Clodsire|100/100 brn|[from] item: Leftovers
|-damage|p2a: Skeledirge|63/100 tox|[from] psn
|-damage|p1a: Clodsire|94/100 brn|[from] brn
|upkeep
|turn|23
|
|t:|1686012351
|move|p2a: Skeledirge|Hex|p1a: Clodsire
|-damage|p1a: Clodsire|67/100 brn
|move|p1a: Clodsire|Spikes|p2a: Skeledirge
|-sidestart|p2: BuildABot|Spikes
|
|-weather|SunnyDay|[upkeep]
|-heal|p2a: Skeledirge|69/100 tox|[from] item: Leftovers
|-heal|p1a: Clodsire|73/100 brn|[from] item: Leftovers
|-damage|p2a: Skeledirge|57/100 tox|[from] psn
|-damage|p1a: Clodsire|67/100 brn|[from] brn
|upkeep
|turn|24
|
|t:|1686012357
|move|p2a: Skeledirge|Hex|p1a: Clodsire
|-damage|p1a: Clodsire|41/100 brn
|move|p1a: Clodsire|Spikes|p2a: Skeledirge
|-sidestart|p2: BuildABot|Spikes
|
|-weather|none
|-heal|p2a: Skeledirge|63/100 tox|[from] item: Leftovers
|-heal|p1a: Clodsire|47/100 brn|[from] item: Leftovers
|-damage|p2a: Skeledirge|45/100 tox|[from] psn
|-damage|p1a: Clodsire|41/100 brn|[from] brn
|upkeep
|turn|25
|
|t:|1686012361
|move|p2a: Skeledirge|Hex|p1a: Clodsire
|-crit|p1a: Clodsire
|-damage|p1a: Clodsire|4/100 brn
|move|p1a: Clodsire|Recover|p1a: Clodsire
|-heal|p1a: Clodsire|54/100 brn
|
|-heal|p2a: Skeledirge|51/100 tox|[from] item: Leftovers
|-heal|p1a: Clodsire|60/100 brn|[from] item: Leftovers
|-damage|p2a: Skeledirge|27/100 tox|[from] psn
|-damage|p1a: Clodsire|54/100 brn|[from] brn
|upkeep
|turn|26
|-message|BuildABot forfeited.
|
|win|TheDarkMages
|raw|TheDarkMages's rating: 1490 → 1511(+21 for winning)
|raw|BuildABot's rating: 1503 → 1482(-21 for losing)
|l|☆BuildABot
