|j|☆JesusWalks444
|j|☆Dahburger
|t:|1686009615
|gametype|singles
|player|p1|JesusWalks444|gentleman-gen4dp|1417
|player|p2|Dahburger|2|1453
|teamsize|p1|6
|teamsize|p2|6
|gen|9
|tier|[Gen 9] OU
|rated|
|rule|Sleep Clause Mod: Limit one foe put to sleep
|rule|Species Clause: Limit one of each Pokémon
|rule|OHKO Clause: OHKO moves are banned
|rule|Evasion Items Clause: Evasion items are banned
|rule|Evasion Moves Clause: Evasion moves are banned
|rule|Endless Battle Clause: Forcing endless battles is banned
|rule|HP Percentage Mod: HP is shown in percentages
|clearpoke
|poke|p1|Overqwil, F|
|poke|p1|Landorus-Therian, M|
|poke|p1|Iron Treads|
|poke|p1|Zapdos-Galar|
|poke|p1|Uxie|
|poke|p1|Dragapult, M|
|poke|p2|Arcanine-Hisui, M|
|poke|p2|Azumarill, F|
|poke|p2|Zapdos-Galar|
|poke|p2|Grimmsnarl, M|
|poke|p2|Glimmora, M|
|poke|p2|Urshifu-*, M|
|teampreview
|inactive|Battle timer is ON: inactive players will automatically lose when time's up. (requested by JesusWalks444)
|
|t:|1686009636
|start
|switch|p1a: Uxie|Uxie|100/100
|switch|p2a: Glimmora|Glimmora, M|100/100
|turn|1
|
|t:|1686009642
|move|p1a: Uxie|Stealth Rock|p2a: Glimmora
|-sidestart|p2: Dahburger|move: Stealth Rock
|move|p2a: Glimmora|Stealth Rock|p1a: Uxie
|-sidestart|p1: JesusWalks444|move: Stealth Rock
|
|upkeep
|turn|2
|
|t:|1686009645
|move|p1a: Uxie|Future Sight|p2a: Glimmora
|-start|p1a: Uxie|move: Future Sight
|move|p2a: Glimmora|Spikes|p1a: Uxie
|-sidestart|p1: JesusWalks444|Spikes
|
|upkeep
|turn|3
|
|t:|1686009648
|move|p1a: Uxie|Thunder Wave|p2a: Glimmora
|-status|p2a: Glimmora|par
|move|p2a: Glimmora|Mortal Spin|p1a: Uxie
|-damage|p1a: Uxie|94/100
|-status|p1a: Uxie|psn
|-sideend|p2: Dahburger|Stealth Rock|[from] move: Mortal Spin|[of] p2a: Glimmora
|
|-damage|p1a: Uxie|82/100 psn|[from] psn
|upkeep
|turn|4
|inactive|Dahburger has 120 seconds left.
|
|t:|1686009694
|switch|p2a: Grimmsnarl|Grimmsnarl, M|100/100
|move|p1a: Uxie|Shadow Ball|p2a: Grimmsnarl
|-resisted|p2a: Grimmsnarl
|-damage|p2a: Grimmsnarl|91/100
|
|-end|p2a: Grimmsnarl|move: Future Sight
|-immune|p2a: Grimmsnarl
|-damage|p1a: Uxie|70/100 psn|[from] psn
|upkeep
|turn|5
|
|t:|1686009699
|move|p2a: Grimmsnarl|Taunt|p1a: Uxie
|-start|p1a: Uxie|move: Taunt
|cant|p1a: Uxie|move: Taunt|Stealth Rock
|
|-damage|p1a: Uxie|57/100 psn|[from] psn
|upkeep
|turn|6
|
|t:|1686009707
|switch|p1a: Iron Treads|Iron Treads|100/100
|-enditem|p1a: Iron Treads|Booster Energy
|-activate|p1a: Iron Treads|ability: Quark Drive|[fromitem]
|-start|p1a: Iron Treads|quarkdrivespe
|-damage|p1a: Iron Treads|97/100|[from] Stealth Rock
|-damage|p1a: Iron Treads|85/100|[from] Spikes
|move|p2a: Grimmsnarl|Reflect|p2a: Grimmsnarl
|-sidestart|p2: Dahburger|Reflect
|
|upkeep
|turn|7
|inactive|Dahburger has 120 seconds left.
|
|t:|1686009721
|move|p2a: Grimmsnarl|Parting Shot|p1a: Iron Treads
|-unboost|p1a: Iron Treads|atk|1
|-unboost|p1a: Iron Treads|spa|1
|
|t:|1686009731
|switch|p2a: Urshifu|Urshifu-Rapid-Strike, M|100/100|[from] Parting Shot
|move|p1a: Iron Treads|Knock Off|p2a: Urshifu
|-resisted|p2a: Urshifu
|-crit|p2a: Urshifu
|-damage|p2a: Urshifu|79/100
|-enditem|p2a: Urshifu|Punching Glove|[from] move: Knock Off|[of] p1a: Iron Treads
|
|upkeep
|turn|8
|
|t:|1686009736
|move|p1a: Iron Treads|Rapid Spin|p2a: Urshifu
|-damage|p2a: Urshifu|74/100
|-boost|p1a: Iron Treads|spe|1
|-sideend|p1: JesusWalks444|Spikes|[from] move: Rapid Spin|[of] p1a: Iron Treads
|-sideend|p1: JesusWalks444|Stealth Rock|[from] move: Rapid Spin|[of] p1a: Iron Treads
|move|p2a: Urshifu|Swords Dance|p2a: Urshifu
|-boost|p2a: Urshifu|atk|2
|
|upkeep
|turn|9
|
|t:|1686009743
|move|p1a: Iron Treads|Earthquake|p2a: Urshifu
|-damage|p2a: Urshifu|59/100
|move|p2a: Urshifu|Trailblaze|p1a: Iron Treads
|-damage|p1a: Iron Treads|50/100
|-boost|p2a: Urshifu|spe|1
|
|upkeep
|turn|10
|
|t:|1686009759
|move|p1a: Iron Treads|Iron Head|p2a: Urshifu
|-resisted|p2a: Urshifu
|-damage|p2a: Urshifu|52/100
|cant|p2a: Urshifu|flinch
|
|upkeep
|turn|11
|
|t:|1686009764
|move|p1a: Iron Treads|Iron Head|p2a: Urshifu
|-resisted|p2a: Urshifu
|-damage|p2a: Urshifu|47/100
|cant|p2a: Urshifu|flinch
|
|upkeep
|turn|12
|
|t:|1686009768
|move|p1a: Iron Treads|Iron Head|p2a: Urshifu
|-resisted|p2a: Urshifu
|-damage|p2a: Urshifu|40/100
|cant|p2a: Urshifu|flinch
|
|upkeep
|turn|13
|c|☆Dahburger|wow
|c|☆Dahburger|impressive luck
|
|t:|1686009779
|move|p1a: Iron Treads|Iron Head|p2a: Urshifu
|-resisted|p2a: Urshifu
|-damage|p2a: Urshifu|34/100
|cant|p2a: Urshifu|flinch
|
|-sideend|p2: Dahburger|Reflect
|upkeep
|turn|14
|c|☆Dahburger|I literally needed only one of those to mot flinch
|inactive|Dahburger has 120 seconds left.
|c|☆JesusWalks444|thats the game we play my friend
|
|t:|1686009832
|-terastallize|p1a: Iron Treads|Ground
|move|p1a: Iron Treads|Earthquake|p2a: Urshifu
|-damage|p2a: Urshifu|0 fnt
|faint|p2a: Urshifu
|
|upkeep
|
|t:|1686009838
|switch|p2a: Grimmsnarl|Grimmsnarl, M|91/100
|turn|15
|
|t:|1686009841
|move|p2a: Grimmsnarl|Reflect|p2a: Grimmsnarl
|-sidestart|p2: Dahburger|Reflect
|move|p1a: Iron Treads|Iron Head|p2a: Grimmsnarl
|-supereffective|p2a: Grimmsnarl
|-damage|p2a: Grimmsnarl|65/100
|
|upkeep
|turn|16
|
|t:|1686009848
|move|p2a: Grimmsnarl|Parting Shot|p1a: Iron Treads
|-unboost|p1a: Iron Treads|atk|1
|-unboost|p1a: Iron Treads|spa|1
|
|t:|1686009857
|switch|p2a: Zapdos|Zapdos-Galar|100/100|[from] Parting Shot
|move|p1a: Iron Treads|Knock Off|p2a: Zapdos
|-resisted|p2a: Zapdos
|-damage|p2a: Zapdos|96/100
|-enditem|p2a: Zapdos|Heavy-Duty Boots|[from] move: Knock Off|[of] p1a: Iron Treads
|
|upkeep
|turn|17
|
|t:|1686009861
|-end|p1a: Iron Treads|Quark Drive|[silent]
|switch|p1a: Landorus|Landorus-Therian, M|100/100
|-ability|p1a: Landorus|Intimidate|boost
|-unboost|p2a: Zapdos|atk|1
|-ability|p2a: Zapdos|Defiant|boost
|-boost|p2a: Zapdos|atk|2
|move|p2a: Zapdos|Agility|p2a: Zapdos
|-boost|p2a: Zapdos|spe|2
|
|upkeep
|turn|18
|
|t:|1686009871
|move|p2a: Zapdos|Bulk Up|p2a: Zapdos
|-boost|p2a: Zapdos|atk|1
|-boost|p2a: Zapdos|def|1
|move|p1a: Landorus|Stone Edge|p2a: Zapdos|[miss]
|-miss|p1a: Landorus|p2a: Zapdos
|
|upkeep
|turn|19
|
|t:|1686009880
|switch|p1a: Uxie|Uxie|57/100 psn
|move|p2a: Zapdos|Bulk Up|p2a: Zapdos
|-boost|p2a: Zapdos|atk|1
|-boost|p2a: Zapdos|def|1
|
|-damage|p1a: Uxie|45/100 psn|[from] psn
|upkeep
|turn|20
|
|t:|1686009884
|move|p2a: Zapdos|Brave Bird|p1a: Uxie
|-damage|p1a: Uxie|0 fnt
|faint|p1a: Uxie
|-damage|p2a: Zapdos|83/100|[from] Recoil
|
|upkeep
|
|t:|1686009892
|switch|p1a: Dragapult|Dragapult, M|100/100
|turn|21
|
|t:|1686009898
|move|p2a: Zapdos|Brave Bird|p1a: Dragapult
|-damage|p1a: Dragapult|0 fnt
|faint|p1a: Dragapult
|-damage|p2a: Zapdos|50/100|[from] Recoil
|
|upkeep
|-message|JesusWalks444 forfeited.
|
|win|Dahburger
|raw|JesusWalks444's rating: 1417 → 1399(-18 for losing)
|raw|Dahburger's rating: 1453 → 1471(+18 for winning)
|l|☆JesusWalks444
|c|☆Dahburger|GG ur bad
