|j|☆Ahsan-219
|j|☆gunk in ma troat
|t:|1682634920
|gametype|singles
|player|p1|Ahsan-219|hilda-masters3|1955
|player|p2|gunk in ma troat|169|2100
|teamsize|p1|6
|teamsize|p2|6
|gen|9
|tier|[Gen 9] OU
|rated|
|rule|Sleep Clause Mod: Limit one foe put to sleep
|rule|Species Clause: Limit one of each Pokémon
|rule|OHKO Clause: OHKO moves are banned
|rule|Evasion Items Clause: Evasion items are banned
|rule|Evasion Moves Clause: Evasion moves are banned
|rule|Endless Battle Clause: Forcing endless battles is banned
|rule|HP Percentage Mod: HP is shown in percentages
|clearpoke
|poke|p1|Toxtricity, F|
|poke|p1|Great Tusk|
|poke|p1|Slowking, M|
|poke|p1|Dragapult, F|
|poke|p1|Kingambit, F|
|poke|p1|Corviknight, F|
|poke|p2|Amoonguss, M|
|poke|p2|Gholdengo|
|poke|p2|Ting-Lu|
|poke|p2|Great Tusk|
|poke|p2|Dragonite, M|
|poke|p2|Iron Valiant|
|teampreview
|j| shedtailhater
|inactive|Battle timer is ON: inactive players will automatically lose when time's up. (requested by Ahsan-219)
|j| LT_Alt1
|inactive|gunk in ma troat has 120 seconds left.
|
|t:|1682634962
|start
|switch|p1a: Great Tusk|Great Tusk|100/100
|switch|p2a: Gholdengo|Gholdengo|100/100
|turn|1
|
|t:|1682634973
|switch|p2a: Amoonguss|Amoonguss, M|100/100
|-end|p1a: Great Tusk|Protosynthesis|[silent]
|switch|p1a: Kingambit|Kingambit, F|100/100
|
|upkeep
|turn|2
|
|t:|1682634979
|move|p1a: Kingambit|Stealth Rock|p2a: Amoonguss
|-sidestart|p2: gunk in ma troat|move: Stealth Rock
|move|p2a: Amoonguss|Spore|p1a: Kingambit
|-status|p1a: Kingambit|slp|[from] move: Spore
|
|upkeep
|turn|3
|
|t:|1682634989
|-end|p1a: Kingambit|fallenundefined|[silent]
|switch|p1a: Toxtricity|Toxtricity, F|100/100
|switch|p2a: Gholdengo|Gholdengo|100/100
|-damage|p2a: Gholdengo|94/100|[from] Stealth Rock
|
|upkeep
|turn|4
|
|t:|1682635000
|move|p2a: Gholdengo|Shadow Ball|p1a: Toxtricity
|-damage|p1a: Toxtricity|36/100
|move|p1a: Toxtricity|Snarl|p2a: Gholdengo
|-supereffective|p2a: Gholdengo
|-damage|p2a: Gholdengo|8/100
|-unboost|p2a: Gholdengo|spa|1
|
|upkeep
|turn|5
|
|t:|1682635008
|switch|p2a: Ting-Lu|Ting-Lu|100/100
|-damage|p2a: Ting-Lu|94/100|[from] Stealth Rock
|-ability|p2a: Ting-Lu|Vessel of Ruin
|switch|p1a: Slowking|Slowking, M|100/100
|
|-heal|p2a: Ting-Lu|100/100|[from] item: Leftovers
|upkeep
|turn|6
|
|t:|1682635014
|move|p2a: Ting-Lu|Spikes|p1a: Slowking
|-sidestart|p1: Ahsan-219|Spikes
|move|p1a: Slowking|Surf|p2a: Ting-Lu
|-supereffective|p2a: Ting-Lu
|-damage|p2a: Ting-Lu|75/100
|
|-heal|p2a: Ting-Lu|81/100|[from] item: Leftovers
|upkeep
|turn|7
|
|t:|1682635023
|move|p2a: Ting-Lu|Ruination|p1a: Slowking
|-damage|p1a: Slowking|50/100
|move|p1a: Slowking|Surf|p2a: Ting-Lu
|-supereffective|p2a: Ting-Lu
|-damage|p2a: Ting-Lu|53/100
|
|-heal|p2a: Ting-Lu|59/100|[from] item: Leftovers
|upkeep
|turn|8
|
|t:|1682635030
|move|p2a: Ting-Lu|Earthquake|p1a: Slowking
|-damage|p1a: Slowking|20/100
|move|p1a: Slowking|Surf|p2a: Ting-Lu
|-supereffective|p2a: Ting-Lu
|-damage|p2a: Ting-Lu|34/100
|
|-heal|p2a: Ting-Lu|40/100|[from] item: Leftovers
|upkeep
|turn|9
|
|t:|1682635038
|switch|p1a: Corviknight|Corviknight, F|100/100
|-ability|p1a: Corviknight|Pressure
|move|p2a: Ting-Lu|Whirlwind|p1a: Corviknight
|drag|p1a: Great Tusk|Great Tusk|100/100
|-damage|p1a: Great Tusk|88/100|[from] Spikes
|
|-heal|p2a: Ting-Lu|47/100|[from] item: Leftovers
|upkeep
|turn|10
|
|t:|1682635054
|switch|p2a: Amoonguss|Amoonguss, M|100/100
|-damage|p2a: Amoonguss|88/100|[from] Stealth Rock
|move|p1a: Great Tusk|Ice Spinner|p2a: Amoonguss
|-supereffective|p2a: Amoonguss
|-damage|p2a: Amoonguss|26/100
|
|upkeep
|turn|11
|inactive|gunk in ma troat has 120 seconds left.
|
|t:|1682635098
|-end|p1a: Great Tusk|Protosynthesis|[silent]
|switch|p1a: Corviknight|Corviknight, F|100/100
|-ability|p1a: Corviknight|Pressure
|switch|p2a: Gholdengo|Gholdengo|8/100
|-damage|p2a: Gholdengo|2/100|[from] Stealth Rock
|
|upkeep
|turn|12
|
|t:|1682635106
|move|p2a: Gholdengo|Trick|p1a: Corviknight
|-activate|p2a: Gholdengo|move: Trick|[of] p1a: Corviknight
|-item|p1a: Corviknight|Choice Scarf|[from] move: Trick
|-item|p2a: Gholdengo|Rocky Helmet|[from] move: Trick
|move|p1a: Corviknight|U-turn|p2a: Gholdengo
|-resisted|p2a: Gholdengo
|-crit|p2a: Gholdengo
|-damage|p2a: Gholdengo|0 fnt
|-damage|p1a: Corviknight|84/100|[from] item: Rocky Helmet|[of] p2a: Gholdengo
|faint|p2a: Gholdengo
|
|t:|1682635111
|switch|p1a: Slowking|Slowking, M|53/100|[from] U-turn
|
|upkeep
|inactive|gunk in ma troat has 120 seconds left.
|
|t:|1682635124
|switch|p2a: Great Tusk|Great Tusk|100/100
|-damage|p2a: Great Tusk|98/100|[from] Stealth Rock
|turn|13
|
|t:|1682635130
|switch|p1a: Corviknight|Corviknight, F|84/100
|-ability|p1a: Corviknight|Pressure
|move|p2a: Great Tusk|Headlong Rush|p1a: Corviknight
|-immune|p1a: Corviknight
|
|upkeep
|turn|14
|
|t:|1682635134
|move|p2a: Great Tusk|Stealth Rock|p1a: Corviknight
|-sidestart|p1: Ahsan-219|move: Stealth Rock
|move|p1a: Corviknight|U-turn|p2a: Great Tusk
|-resisted|p2a: Great Tusk
|-damage|p2a: Great Tusk|92/100
|
|t:|1682635137
|switch|p1a: Slowking|Slowking, M|87/100|[from] U-turn
|
|upkeep
|turn|15
|
|t:|1682635160
|-end|p2a: Great Tusk|Protosynthesis|[silent]
|switch|p2a: Amoonguss|Amoonguss, M|60/100
|-damage|p2a: Amoonguss|47/100|[from] Stealth Rock
|move|p1a: Slowking|Surf|p2a: Amoonguss
|-resisted|p2a: Amoonguss
|-damage|p2a: Amoonguss|34/100
|
|upkeep
|turn|16
|
|t:|1682635171
|switch|p2a: Great Tusk|Great Tusk|92/100
|-damage|p2a: Great Tusk|89/100|[from] Stealth Rock
|move|p1a: Slowking|Chilly Reception|p1a: Slowking
|-weather|Snow
|
|t:|1682635175
|switch|p1a: Corviknight|Corviknight, F|84/100|[from] Chilly Reception
|-damage|p1a: Corviknight|72/100|[from] Stealth Rock
|-ability|p1a: Corviknight|Pressure
|
|-weather|Snow|[upkeep]
|upkeep
|turn|17
|
|t:|1682635190
|move|p2a: Great Tusk|Close Combat|p1a: Corviknight
|-damage|p1a: Corviknight|33/100
|-unboost|p2a: Great Tusk|def|1
|-unboost|p2a: Great Tusk|spd|1
|-enditem|p2a: Great Tusk|Eject Pack
|
|t:|1682635202
|-end|p2a: Great Tusk|Protosynthesis|[silent]
|switch|p2a: Ting-Lu|Ting-Lu|47/100
|-damage|p2a: Ting-Lu|40/100|[from] Stealth Rock
|-ability|p2a: Ting-Lu|Vessel of Ruin
|move|p1a: Corviknight|U-turn|p2a: Ting-Lu
|-supereffective|p2a: Ting-Lu
|-damage|p2a: Ting-Lu|24/100
|
|t:|1682635218
|switch|p1a: Great Tusk|Great Tusk|88/100|[from] U-turn
|-damage|p1a: Great Tusk|76/100|[from] Spikes
|-damage|p1a: Great Tusk|73/100|[from] Stealth Rock
|
|-weather|Snow|[upkeep]
|-heal|p2a: Ting-Lu|31/100|[from] item: Leftovers
|upkeep
|turn|18
|
|t:|1682635220
|switch|p2a: Great Tusk|Great Tusk|89/100
|-damage|p2a: Great Tusk|86/100|[from] Stealth Rock
|move|p1a: Great Tusk|Ice Spinner|p2a: Great Tusk
|-supereffective|p2a: Great Tusk
|-damage|p2a: Great Tusk|22/100
|
|-weather|Snow|[upkeep]
|upkeep
|turn|19
|
|t:|1682635233
|move|p1a: Great Tusk|Ice Spinner|p2a: Great Tusk
|-supereffective|p2a: Great Tusk
|-crit|p2a: Great Tusk
|-damage|p2a: Great Tusk|0 fnt
|faint|p2a: Great Tusk
|-end|p2a: Great Tusk|Protosynthesis|[silent]
|
|-weather|Snow|[upkeep]
|upkeep
|
|t:|1682635242
|switch|p2a: Iron Valiant|Iron Valiant|100/100
|-damage|p2a: Iron Valiant|94/100|[from] Stealth Rock
|-enditem|p2a: Iron Valiant|Booster Energy
|-activate|p2a: Iron Valiant|ability: Quark Drive|[fromitem]
|-start|p2a: Iron Valiant|quarkdrivespe
|turn|20
|
|t:|1682635246
|-end|p1a: Great Tusk|Protosynthesis|[silent]
|switch|p1a: Slowking|Slowking, M|100/100
|move|p2a: Iron Valiant|Swords Dance|p2a: Iron Valiant
|-boost|p2a: Iron Valiant|atk|2
|
|-weather|none
|upkeep
|turn|21
|inactive|Ahsan-219 has 120 seconds left.
|inactive|Ahsan-219 has 90 seconds left.
|inactive|Ahsan-219 has 60 seconds left.
|
|t:|1682635360
|-terastallize|p1a: Slowking|Water
|move|p2a: Iron Valiant|Swords Dance|p2a: Iron Valiant
|-boost|p2a: Iron Valiant|atk|2
|move|p1a: Slowking|Surf|p2a: Iron Valiant
|-damage|p2a: Iron Valiant|16/100
|
|upkeep
|turn|22
|
|t:|1682635371
|switch|p1a: Corviknight|Corviknight, F|33/100
|-damage|p1a: Corviknight|21/100|[from] Stealth Rock
|-ability|p1a: Corviknight|Pressure
|-terastallize|p2a: Iron Valiant|Dark
|move|p2a: Iron Valiant|Knock Off|p1a: Corviknight
|-damage|p1a: Corviknight|0 fnt
|-enditem|p1a: Corviknight|Choice Scarf|[from] move: Knock Off|[of] p2a: Iron Valiant
|faint|p1a: Corviknight
|
|upkeep
|
|t:|1682635375
|switch|p1a: Dragapult|Dragapult, F|100/100
|-damage|p1a: Dragapult|88/100|[from] Spikes
|-damage|p1a: Dragapult|76/100|[from] Stealth Rock
|turn|23
|
|t:|1682635381
|move|p1a: Dragapult|U-turn|p2a: Iron Valiant
|-supereffective|p2a: Iron Valiant
|-damage|p2a: Iron Valiant|0 fnt
|faint|p2a: Iron Valiant
|-end|p2a: Iron Valiant|Quark Drive|[silent]
|
|t:|1682635387
|switch|p1a: Great Tusk|Great Tusk|73/100|[from] U-turn
|-damage|p1a: Great Tusk|60/100|[from] Spikes
|-damage|p1a: Great Tusk|57/100|[from] Stealth Rock
|
|upkeep
|
|t:|1682635395
|switch|p2a: Amoonguss|Amoonguss, M|67/100
|-damage|p2a: Amoonguss|55/100|[from] Stealth Rock
|turn|24
|
|t:|1682635397
|switch|p2a: Ting-Lu|Ting-Lu|31/100
|-damage|p2a: Ting-Lu|24/100|[from] Stealth Rock
|-ability|p2a: Ting-Lu|Vessel of Ruin
|move|p1a: Great Tusk|Ice Spinner|p2a: Ting-Lu
|-supereffective|p2a: Ting-Lu
|-damage|p2a: Ting-Lu|0 fnt
|faint|p2a: Ting-Lu
|
|upkeep
|
|t:|1682635399
|switch|p2a: Amoonguss|Amoonguss, M|88/100
|-damage|p2a: Amoonguss|76/100|[from] Stealth Rock
|turn|25
|inactive|Ahsan-219 has 90 seconds left.
|
|t:|1682635413
|-end|p1a: Great Tusk|Protosynthesis|[silent]
|switch|p1a: Slowking|Slowking, M, tera:Water|100/100
|move|p2a: Amoonguss|Giga Drain|p1a: Slowking
|-supereffective|p1a: Slowking
|-damage|p1a: Slowking|70/100
|-heal|p2a: Amoonguss|90/100|[from] drain|[of] p1a: Slowking
|
|upkeep
|turn|26
|
|t:|1682635423
|move|p1a: Slowking|Future Sight|p2a: Amoonguss
|-start|p1a: Slowking|move: Future Sight
|move|p2a: Amoonguss|Giga Drain|p1a: Slowking
|-supereffective|p1a: Slowking
|-damage|p1a: Slowking|41/100
|-heal|p2a: Amoonguss|100/100|[from] drain|[of] p1a: Slowking
|
|upkeep
|turn|27
|
|t:|1682635428
|move|p1a: Slowking|Chilly Reception|p1a: Slowking
|-weather|Snow
|inactive|Ahsan-219 has 90 seconds left.
|
|t:|1682635449
|switch|p1a: Kingambit|Kingambit, F|100/100 slp|[from] Chilly Reception
|-damage|p1a: Kingambit|88/100 slp|[from] Spikes
|-damage|p1a: Kingambit|82/100 slp|[from] Stealth Rock
|-activate|p1a: Kingambit|ability: Supreme Overlord
|-start|p1a: Kingambit|fallen1|[silent]
|move|p2a: Amoonguss|Sludge Bomb|p1a: Kingambit
|-immune|p1a: Kingambit
|
|-weather|Snow|[upkeep]
|-heal|p1a: Kingambit|88/100 slp|[from] item: Leftovers
|upkeep
|turn|28
|
|t:|1682635457
|-end|p1a: Kingambit|fallen1|[silent]
|switch|p1a: Slowking|Slowking, M, tera:Water|74/100
|move|p2a: Amoonguss|Foul Play|p1a: Slowking
|-damage|p1a: Slowking|63/100
|
|-weather|Snow|[upkeep]
|-end|p2a: Amoonguss|move: Future Sight
|-supereffective|p2a: Amoonguss
|-damage|p2a: Amoonguss|22/100
|upkeep
|turn|29
|
|t:|1682635463
|move|p2a: Amoonguss|Giga Drain|p1a: Slowking
|-supereffective|p1a: Slowking
|-damage|p1a: Slowking|35/100
|-heal|p2a: Amoonguss|35/100|[from] drain|[of] p1a: Slowking
|move|p1a: Slowking|Chilly Reception|p1a: Slowking
|
|t:|1682635465
|switch|p1a: Great Tusk|Great Tusk|57/100|[from] Chilly Reception
|-damage|p1a: Great Tusk|45/100|[from] Spikes
|-damage|p1a: Great Tusk|42/100|[from] Stealth Rock
|
|-weather|Snow|[upkeep]
|upkeep
|turn|30
|
|t:|1682635470
|move|p1a: Great Tusk|Ice Spinner|p2a: Amoonguss
|-supereffective|p2a: Amoonguss
|-damage|p2a: Amoonguss|0 fnt
|faint|p2a: Amoonguss
|
|-weather|Snow|[upkeep]
|upkeep
|
|t:|1682635472
|switch|p2a: Dragonite|Dragonite, M|100/100
|turn|31
|
|t:|1682635474
|move|p1a: Great Tusk|Ice Spinner|p2a: Dragonite
|-supereffective|p2a: Dragonite
|-damage|p2a: Dragonite|17/100
|move|p2a: Dragonite|Dragon Dance|p2a: Dragonite
|-boost|p2a: Dragonite|atk|1
|-boost|p2a: Dragonite|spe|1
|
|-weather|none
|upkeep
|turn|32
|
|t:|1682635477
|move|p2a: Dragonite|Earthquake|p1a: Great Tusk
|-damage|p1a: Great Tusk|0 fnt
|faint|p1a: Great Tusk
|-end|p1a: Great Tusk|Protosynthesis|[silent]
|
|upkeep
|
|t:|1682635479
|switch|p1a: Dragapult|Dragapult, F|76/100
|-damage|p1a: Dragapult|64/100|[from] Spikes
|-damage|p1a: Dragapult|51/100|[from] Stealth Rock
|turn|33
|
|t:|1682635481
|move|p1a: Dragapult|Hex|p2a: Dragonite
|-damage|p2a: Dragonite|0 fnt
|faint|p2a: Dragonite
|
|win|Ahsan-219
|raw|Ahsan-219's rating: 1955 → 1983(+28 for winning)
|raw|gunk in ma troat's rating: 2100 → 2072(-28 for losing)
|c|☆gunk in ma troat|gg
|c|☆Ahsan-219|gg
|l|☆gunk in ma troat
|l|☆Ahsan-219
|l| shedtailhater
