|j|☆Icy Ice Beam
|j|☆Khatru69
|t:|1686005542
|gametype|singles
|player|p1|Icy Ice Beam|shadowtriad|1340
|player|p2|Khatru69|102|1298
|teamsize|p1|6
|teamsize|p2|6
|gen|9
|tier|[Gen 9] OU
|rated|
|rule|Sleep Clause Mod: Limit one foe put to sleep
|rule|Species Clause: Limit one of each Pokémon
|rule|OHKO Clause: OHKO moves are banned
|rule|Evasion Items Clause: Evasion items are banned
|rule|Evasion Moves Clause: Evasion moves are banned
|rule|Endless Battle Clause: Forcing endless battles is banned
|rule|HP Percentage Mod: HP is shown in percentages
|clearpoke
|poke|p1|Cresselia, F|
|poke|p1|Ursaluna, M|
|poke|p1|Glastrier|
|poke|p1|Drifblim, M|
|poke|p1|Iron Treads|
|poke|p1|Rotom-Wash|
|poke|p2|Sneasler, M|
|poke|p2|Goodra-Hisui, M|
|poke|p2|Abomasnow, M|
|poke|p2|Baxcalibur, F|
|poke|p2|Ting-Lu|
|poke|p2|Skeledirge, F|
|teampreview
|
|t:|1686005560
|start
|switch|p1a: Cresselia|Cresselia, F, shiny|100/100
|switch|p2a: Abomasnow|Abomasnow, M|100/100
|-weather|Snow|[from] ability: Snow Warning|[of] p2a: Abomasnow
|turn|1
|inactive|Battle timer is ON: inactive players will automatically lose when time's up. (requested by Khatru69)
|
|t:|1686005568
|move|p1a: Cresselia|Light Screen|p1a: Cresselia
|-sidestart|p1: Icy Ice Beam|move: Light Screen
|move|p2a: Abomasnow|Aurora Veil|p2a: Abomasnow
|-sidestart|p2: Khatru69|move: Aurora Veil
|
|-weather|Snow|[upkeep]
|upkeep
|turn|2
|
|t:|1686005573
|switch|p2a: Goodra|Goodra-Hisui, M|100/100
|move|p1a: Cresselia|Reflect|p1a: Cresselia
|-sidestart|p1: Icy Ice Beam|Reflect
|
|-weather|Snow|[upkeep]
|upkeep
|turn|3
|
|t:|1686005577
|move|p2a: Goodra|Acid Armor|p2a: Goodra
|-boost|p2a: Goodra|def|2
|move|p1a: Cresselia|Trick Room|p1a: Cresselia
|-fieldstart|move: Trick Room|[of] p1a: Cresselia
|
|-weather|Snow|[upkeep]
|upkeep
|turn|4
|
|t:|1686005586
|switch|p1a: Ursaluna|Ursaluna, M, shiny|100/100
|move|p2a: Goodra|Acid Armor|p2a: Goodra
|-boost|p2a: Goodra|def|2
|
|-weather|Snow|[upkeep]
|-status|p1a: Ursaluna|brn|[from] item: Flame Orb
|upkeep
|turn|5
|
|t:|1686005613
|move|p1a: Ursaluna|Swords Dance|p1a: Ursaluna
|-boost|p1a: Ursaluna|atk|2
|move|p2a: Goodra|Body Press|p1a: Ursaluna
|-supereffective|p1a: Ursaluna
|-damage|p1a: Ursaluna|59/100 brn
|
|-weather|none
|-damage|p1a: Ursaluna|53/100 brn|[from] brn
|upkeep
|turn|6
|inactive|Khatru69 has 120 seconds left.
|
|t:|1686005631
|move|p1a: Ursaluna|Drain Punch|p2a: Goodra
|-supereffective|p2a: Goodra
|-damage|p2a: Goodra|73/100
|-heal|p1a: Ursaluna|64/100 brn|[from] drain|[of] p2a: Goodra
|-ability|p2a: Goodra|Gooey
|-unboost|p1a: Ursaluna|spe|1
|move|p2a: Goodra|Draco Meteor|p1a: Ursaluna
|-damage|p1a: Ursaluna|34/100 brn
|-unboost|p2a: Goodra|spa|2
|
|-heal|p2a: Goodra|79/100|[from] item: Leftovers
|-damage|p1a: Ursaluna|28/100 brn|[from] brn
|upkeep
|turn|7
|inactive|Khatru69 has 120 seconds left.
|
|t:|1686005648
|move|p1a: Ursaluna|Drain Punch|p2a: Goodra
|-supereffective|p2a: Goodra
|-damage|p2a: Goodra|49/100
|-heal|p1a: Ursaluna|40/100 brn|[from] drain|[of] p2a: Goodra
|-ability|p2a: Goodra|Gooey
|-unboost|p1a: Ursaluna|spe|1
|move|p2a: Goodra|Body Press|p1a: Ursaluna
|-supereffective|p1a: Ursaluna
|-damage|p1a: Ursaluna|3/100 brn
|
|-heal|p2a: Goodra|55/100|[from] item: Leftovers
|-damage|p1a: Ursaluna|0 fnt|[from] brn
|faint|p1a: Ursaluna
|-fieldend|move: Trick Room
|upkeep
|
|t:|1686005662
|switch|p1a: Drifblim|Drifblim, M|100/100
|turn|8
|
|t:|1686005669
|move|p2a: Goodra|Flash Cannon|p1a: Drifblim
|-damage|p1a: Drifblim|93/100
|move|p1a: Drifblim|Trick Room|p1a: Drifblim
|-fieldstart|move: Trick Room|[of] p1a: Drifblim
|
|-heal|p2a: Goodra|61/100|[from] item: Leftovers
|-sideend|p1: Icy Ice Beam|move: Light Screen
|-sideend|p2: Khatru69|move: Aurora Veil
|upkeep
|turn|9
|
|t:|1686005678
|move|p2a: Goodra|Draco Meteor|p1a: Drifblim
|-damage|p1a: Drifblim|68/100
|-unboost|p2a: Goodra|spa|2
|move|p1a: Drifblim|Shadow Ball|p2a: Goodra
|-damage|p2a: Goodra|46/100
|
|-heal|p2a: Goodra|52/100|[from] item: Leftovers
|-sideend|p1: Icy Ice Beam|Reflect
|upkeep
|turn|10
|
|t:|1686005686
|switch|p1a: Glastrier|Glastrier|100/100
|move|p2a: Goodra|Acid Armor|p2a: Goodra
|-boost|p2a: Goodra|def|2
|
|-heal|p2a: Goodra|58/100|[from] item: Leftovers
|upkeep
|turn|11
|
|t:|1686005694
|move|p1a: Glastrier|Swords Dance|p1a: Glastrier
|-boost|p1a: Glastrier|atk|2
|move|p2a: Goodra|Body Press|p1a: Glastrier
|-supereffective|p1a: Glastrier
|-damage|p1a: Glastrier|9/100
|
|-heal|p2a: Goodra|64/100|[from] item: Leftovers
|upkeep
|turn|12
|
|t:|1686005702
|move|p1a: Glastrier|Close Combat|p2a: Goodra
|-supereffective|p2a: Goodra
|-damage|p2a: Goodra|3/100
|-unboost|p1a: Glastrier|def|1
|-unboost|p1a: Glastrier|spd|1
|-ability|p2a: Goodra|Gooey
|-unboost|p1a: Glastrier|spe|1
|-damage|p1a: Glastrier|0 fnt|[from] item: Life Orb
|faint|p1a: Glastrier
|move|p2a: Goodra|Body Press|p1: Glastrier|[notarget]
|-fail|p2a: Goodra
|
|-heal|p2a: Goodra|9/100|[from] item: Leftovers
|-fieldend|move: Trick Room
|upkeep
|
|t:|1686005708
|switch|p1a: Rotom|Rotom-Wash|100/100
|turn|13
|
|t:|1686005713
|move|p1a: Rotom|Volt Switch|p2a: Goodra
|-resisted|p2a: Goodra
|-damage|p2a: Goodra|0 fnt
|faint|p2a: Goodra
|
|t:|1686005731
|switch|p1a: Iron Treads|Iron Treads|100/100|[from] Volt Switch
|
|upkeep
|
|t:|1686005745
|switch|p2a: Abomasnow|Abomasnow, M|100/100
|-weather|Snow|[from] ability: Snow Warning|[of] p2a: Abomasnow
|turn|14
|inactive|Icy Ice Beam has 120 seconds left.
|
|t:|1686005776
|move|p1a: Iron Treads|Stealth Rock|p2a: Abomasnow
|-sidestart|p2: Khatru69|move: Stealth Rock
|move|p2a: Abomasnow|Aurora Veil|p2a: Abomasnow
|-sidestart|p2: Khatru69|move: Aurora Veil
|
|-weather|Snow|[upkeep]
|upkeep
|turn|15
|inactive|Icy Ice Beam has 120 seconds left.
|-message|Icy Ice Beam forfeited.
|
|win|Khatru69
|raw|Icy Ice Beam's rating: 1340 → 1318(-22 for losing)
|raw|Khatru69's rating: 1298 → 1326(+28 for winning)
|l|☆Icy Ice Beam
