|j|☆Hana Macchia
|j|☆Highv0ltag3
|t:|1682375866
|gametype|singles
|player|p1|Hana Macchia|oichi-conquest|1912
|player|p2|Highv0ltag3|volo|2032
|teamsize|p1|6
|teamsize|p2|6
|gen|9
|tier|[Gen 9] OU
|rated|
|rule|Sleep Clause Mod: Limit one foe put to sleep
|rule|Species Clause: Limit one of each Pokémon
|rule|OHKO Clause: OHKO moves are banned
|rule|Evasion Items Clause: Evasion items are banned
|rule|Evasion Moves Clause: Evasion moves are banned
|rule|Endless Battle Clause: Forcing endless battles is banned
|rule|HP Percentage Mod: HP is shown in percentages
|clearpoke
|poke|p1|Slowking, M|
|poke|p1|Corviknight, F|
|poke|p1|Great Tusk|
|poke|p1|Dragapult, F|
|poke|p1|Skeledirge, M|
|poke|p1|Kingambit, F|
|poke|p2|Meowscarada, F|
|poke|p2|Corviknight, F|
|poke|p2|Slowking, M|
|poke|p2|Clodsire, F|
|poke|p2|Dondozo, M|
|poke|p2|Hydreigon, F|
|teampreview
|
|t:|1682375876
|start
|switch|p1a: Dragapult|Dragapult, F|100/100
|switch|p2a: Corviknight|Corviknight, F|100/100
|-ability|p2a: Corviknight|Pressure
|turn|1
|
|t:|1682375878
|move|p1a: Dragapult|Flamethrower|p2a: Corviknight
|-supereffective|p2a: Corviknight
|-damage|p2a: Corviknight|21/100
|move|p2a: Corviknight|U-turn|p1a: Dragapult
|-resisted|p1a: Dragapult
|-damage|p1a: Dragapult|92/100
|
|t:|1682375885
|switch|p2a: Hydreigon|Hydreigon, F|100/100|[from] U-turn
|
|upkeep
|turn|2
|
|t:|1682375899
|switch|p1a: Slowking|Slowking, M|100/100
|move|p2a: Hydreigon|Nasty Plot|p2a: Hydreigon
|-boost|p2a: Hydreigon|spa|2
|
|upkeep
|turn|3
|inactive|Battle timer is ON: inactive players will automatically lose when time's up. (requested by Highv0ltag3)
|
|t:|1682375907
|-terastallize|p1a: Slowking|Water
|move|p2a: Hydreigon|Dark Pulse|p1a: Slowking
|-damage|p1a: Slowking|53/100
|move|p1a: Slowking|Ice Beam|p2a: Hydreigon
|-supereffective|p2a: Hydreigon
|-damage|p2a: Hydreigon|39/100
|
|-heal|p2a: Hydreigon|45/100|[from] item: Leftovers
|upkeep
|turn|4
|
|t:|1682375920
|move|p2a: Hydreigon|Dark Pulse|p1a: Slowking
|-damage|p1a: Slowking|6/100
|move|p1a: Slowking|Ice Beam|p2a: Hydreigon
|-supereffective|p2a: Hydreigon
|-damage|p2a: Hydreigon|0 fnt
|faint|p2a: Hydreigon
|
|upkeep
|
|t:|1682375922
|switch|p2a: Meowscarada|Meowscarada, F|100/100
|turn|5
|c|☆Hana Macchia|im always impressed at how fat slowking is
|j| im ready 2 die
|c|☆Hana Macchia|im not even max hp
|
|t:|1682375938
|switch|p1a: Corviknight|Corviknight, F|100/100
|-ability|p1a: Corviknight|Pressure
|move|p2a: Meowscarada|Knock Off|p1a: Corviknight
|-damage|p1a: Corviknight|72/100
|-enditem|p1a: Corviknight|Leftovers|[from] move: Knock Off|[of] p2a: Meowscarada
|
|upkeep
|turn|6
|
|t:|1682375954
|move|p2a: Meowscarada|U-turn|p1a: Corviknight
|-resisted|p1a: Corviknight
|-damage|p1a: Corviknight|69/100
|
|t:|1682375963
|switch|p2a: Slowking|Slowking, M|100/100|[from] U-turn
|move|p1a: Corviknight|U-turn|p2a: Slowking
|-supereffective|p2a: Slowking
|-crit|p2a: Slowking
|-damage|p2a: Slowking|52/100
|
|t:|1682375969
|switch|p1a: Dragapult|Dragapult, F|92/100|[from] U-turn
|
|upkeep
|turn|7
|
|t:|1682375978
|switch|p2a: Clodsire|Clodsire, F|100/100
|move|p1a: Dragapult|Shadow Ball|p2a: Clodsire
|-damage|p2a: Clodsire|73/100
|
|upkeep
|turn|8
|
|t:|1682375982
|switch|p1a: Slowking|Slowking, M, tera:Water|39/100
|move|p2a: Clodsire|Stealth Rock|p1a: Slowking
|-sidestart|p1: Hana Macchia|move: Stealth Rock
|
|upkeep
|turn|9
|
|t:|1682375986
|switch|p1a: Corviknight|Corviknight, F|69/100
|-damage|p1a: Corviknight|56/100|[from] Stealth Rock
|-ability|p1a: Corviknight|Pressure
|move|p2a: Clodsire|Toxic|p1a: Corviknight
|-immune|p1a: Corviknight
|
|upkeep
|turn|10
|
|t:|1682375989
|switch|p2a: Corviknight|Corviknight, F|21/100
|-ability|p2a: Corviknight|Pressure
|move|p1a: Corviknight|Roost|p1a: Corviknight
|-heal|p1a: Corviknight|100/100
|-singleturn|p1a: Corviknight|move: Roost
|
|-heal|p2a: Corviknight|27/100|[from] item: Leftovers
|upkeep
|turn|11
|
|t:|1682375994
|move|p1a: Corviknight|U-turn|p2a: Corviknight
|-resisted|p2a: Corviknight
|-damage|p2a: Corviknight|25/100
|
|t:|1682376000
|switch|p1a: Dragapult|Dragapult, F|92/100|[from] U-turn
|-damage|p1a: Dragapult|79/100|[from] Stealth Rock
|move|p2a: Corviknight|Roost|p2a: Corviknight
|-heal|p2a: Corviknight|75/100
|-singleturn|p2a: Corviknight|move: Roost
|
|-heal|p2a: Corviknight|81/100|[from] item: Leftovers
|upkeep
|turn|12
|
|t:|1682376008
|switch|p2a: Slowking|Slowking, M|86/100
|move|p1a: Dragapult|Flamethrower|p2a: Slowking
|-resisted|p2a: Slowking
|-damage|p2a: Slowking|74/100
|
|upkeep
|turn|13
|
|t:|1682376014
|switch|p1a: Kingambit|Kingambit, F|100/100
|-damage|p1a: Kingambit|94/100|[from] Stealth Rock
|move|p2a: Slowking|Chilly Reception|p2a: Slowking
|-weather|Snow
|
|t:|1682376018
|switch|p2a: Meowscarada|Meowscarada, F|100/100|[from] Chilly Reception
|
|-weather|Snow|[upkeep]
|-heal|p1a: Kingambit|100/100|[from] item: Leftovers
|upkeep
|turn|14
|j| JMater
|
|t:|1682376027
|-end|p1a: Kingambit|fallenundefined|[silent]
|switch|p1a: Corviknight|Corviknight, F|100/100
|-damage|p1a: Corviknight|88/100|[from] Stealth Rock
|-ability|p1a: Corviknight|Pressure
|move|p2a: Meowscarada|Knock Off|p1a: Corviknight
|-damage|p1a: Corviknight|71/100
|
|-weather|Snow|[upkeep]
|upkeep
|turn|15
|
|t:|1682376031
|move|p2a: Meowscarada|U-turn|p1a: Corviknight
|-resisted|p1a: Corviknight
|-damage|p1a: Corviknight|67/100
|
|t:|1682376034
|switch|p2a: Corviknight|Corviknight, F|81/100|[from] U-turn
|-ability|p2a: Corviknight|Pressure
|move|p1a: Corviknight|Defog|p2a: Corviknight
|-unboost|p2a: Corviknight|evasion|1
|-sideend|p1: Hana Macchia|Stealth Rock|[from] move: Defog|[of] p1a: Corviknight
|
|-weather|Snow|[upkeep]
|-heal|p2a: Corviknight|87/100|[from] item: Leftovers
|upkeep
|turn|16
|
|t:|1682376037
|move|p1a: Corviknight|Roost|p1a: Corviknight
|-heal|p1a: Corviknight|100/100
|-singleturn|p1a: Corviknight|move: Roost
|move|p2a: Corviknight|U-turn|p1a: Corviknight
|-resisted|p1a: Corviknight
|-damage|p1a: Corviknight|96/100
|l|☆Highv0ltag3
|inactive|Highv0ltag3 disconnected and has a minute to reconnect!
|player|p2|
|j|☆Highv0ltag3
|inactive|Highv0ltag3 reconnected and has 140 seconds left.
|player|p2|Highv0ltag3|volo
|
|t:|1682376056
|switch|p2a: Slowking|Slowking, M|100/100|[from] U-turn
|
|-weather|Snow|[upkeep]
|upkeep
|turn|17
|
|t:|1682376064
|move|p1a: Corviknight|U-turn|p2a: Slowking
|-supereffective|p2a: Slowking
|-damage|p2a: Slowking|73/100
|
|t:|1682376066
|switch|p1a: Great Tusk|Great Tusk|100/100|[from] U-turn
|move|p2a: Slowking|Chilly Reception|p2a: Slowking
|
|t:|1682376069
|switch|p2a: Meowscarada|Meowscarada, F|100/100|[from] Chilly Reception
|
|-weather|none
|upkeep
|turn|18
|
|t:|1682376076
|-end|p1a: Great Tusk|Protosynthesis|[silent]
|switch|p1a: Corviknight|Corviknight, F|96/100
|-ability|p1a: Corviknight|Pressure
|move|p2a: Meowscarada|Knock Off|p1a: Corviknight
|-damage|p1a: Corviknight|79/100
|
|upkeep
|turn|19
|
|t:|1682376080
|move|p2a: Meowscarada|U-turn|p1a: Corviknight
|-resisted|p1a: Corviknight
|-damage|p1a: Corviknight|76/100
|
|t:|1682376082
|switch|p2a: Corviknight|Corviknight, F|87/100|[from] U-turn
|-ability|p2a: Corviknight|Pressure
|move|p1a: Corviknight|U-turn|p2a: Corviknight
|-resisted|p2a: Corviknight
|-damage|p2a: Corviknight|85/100
|
|t:|1682376085
|switch|p1a: Dragapult|Dragapult, F|79/100|[from] U-turn
|
|-heal|p2a: Corviknight|91/100|[from] item: Leftovers
|upkeep
|turn|20
|
|t:|1682376089
|switch|p2a: Slowking|Slowking, M|100/100
|move|p1a: Dragapult|U-turn|p2a: Slowking
|-supereffective|p2a: Slowking
|-damage|p2a: Slowking|64/100
|j| Saltybojagles
|
|t:|1682376095
|switch|p1a: Kingambit|Kingambit, F|100/100|[from] U-turn
|
|upkeep
|turn|21
|
|t:|1682376101
|switch|p2a: Corviknight|Corviknight, F|91/100
|-ability|p2a: Corviknight|Pressure
|move|p1a: Kingambit|Kowtow Cleave|p2a: Corviknight
|-damage|p2a: Corviknight|61/100
|
|-heal|p2a: Corviknight|67/100|[from] item: Leftovers
|upkeep
|turn|22
|
|t:|1682376110
|-end|p1a: Kingambit|fallenundefined|[silent]
|switch|p1a: Dragapult|Dragapult, F|79/100
|move|p2a: Corviknight|U-turn|p1a: Dragapult
|-resisted|p1a: Dragapult
|-damage|p1a: Dragapult|69/100
|
|t:|1682376114
|switch|p2a: Slowking|Slowking, M|97/100|[from] U-turn
|
|upkeep
|turn|23
|
|t:|1682376119
|move|p1a: Dragapult|U-turn|p2a: Slowking
|-supereffective|p2a: Slowking
|-damage|p2a: Slowking|65/100
|
|t:|1682376123
|switch|p1a: Kingambit|Kingambit, F|100/100|[from] U-turn
|move|p2a: Slowking|Chilly Reception|p2a: Slowking
|-weather|Snow
|
|t:|1682376125
|switch|p2a: Meowscarada|Meowscarada, F|100/100|[from] Chilly Reception
|
|-weather|Snow|[upkeep]
|upkeep
|turn|24
|
|t:|1682376128
|-end|p1a: Kingambit|fallenundefined|[silent]
|switch|p1a: Corviknight|Corviknight, F|76/100
|-ability|p1a: Corviknight|Pressure
|move|p2a: Meowscarada|Knock Off|p1a: Corviknight
|-damage|p1a: Corviknight|58/100
|
|-weather|Snow|[upkeep]
|upkeep
|turn|25
|
|t:|1682376130
|move|p2a: Meowscarada|U-turn|p1a: Corviknight
|-resisted|p1a: Corviknight
|-damage|p1a: Corviknight|55/100
|
|t:|1682376132
|switch|p2a: Corviknight|Corviknight, F|67/100|[from] U-turn
|-ability|p2a: Corviknight|Pressure
|move|p1a: Corviknight|Roost|p1a: Corviknight
|-heal|p1a: Corviknight|100/100
|-singleturn|p1a: Corviknight|move: Roost
|
|-weather|Snow|[upkeep]
|-heal|p2a: Corviknight|73/100|[from] item: Leftovers
|upkeep
|turn|26
|
|t:|1682376134
|move|p1a: Corviknight|U-turn|p2a: Corviknight
|-resisted|p2a: Corviknight
|-damage|p2a: Corviknight|71/100
|
|t:|1682376138
|switch|p1a: Great Tusk|Great Tusk|100/100|[from] U-turn
|move|p2a: Corviknight|U-turn|p1a: Great Tusk
|-resisted|p1a: Great Tusk
|-damage|p1a: Great Tusk|97/100
|
|t:|1682376140
|switch|p2a: Meowscarada|Meowscarada, F|100/100|[from] U-turn
|
|-weather|Snow|[upkeep]
|-heal|p1a: Great Tusk|100/100|[from] item: Leftovers
|upkeep
|turn|27
|
|t:|1682376142
|-end|p1a: Great Tusk|Protosynthesis|[silent]
|switch|p1a: Corviknight|Corviknight, F|100/100
|-ability|p1a: Corviknight|Pressure
|move|p2a: Meowscarada|Knock Off|p1a: Corviknight
|-crit|p1a: Corviknight
|-damage|p1a: Corviknight|73/100
|
|-weather|none
|upkeep
|turn|28
|
|t:|1682376145
|move|p2a: Meowscarada|U-turn|p1a: Corviknight
|-resisted|p1a: Corviknight
|-damage|p1a: Corviknight|70/100
|
|t:|1682376147
|switch|p2a: Corviknight|Corviknight, F|71/100|[from] U-turn
|-ability|p2a: Corviknight|Pressure
|move|p1a: Corviknight|U-turn|p2a: Corviknight
|-resisted|p2a: Corviknight
|-damage|p2a: Corviknight|69/100
|
|t:|1682376149
|switch|p1a: Dragapult|Dragapult, F|69/100|[from] U-turn
|
|-heal|p2a: Corviknight|75/100|[from] item: Leftovers
|upkeep
|turn|29
|
|t:|1682376152
|switch|p2a: Slowking|Slowking, M|98/100
|move|p1a: Dragapult|U-turn|p2a: Slowking
|-supereffective|p2a: Slowking
|-damage|p2a: Slowking|59/100
|
|t:|1682376154
|switch|p1a: Great Tusk|Great Tusk|100/100|[from] U-turn
|
|upkeep
|turn|30
|l| JMater
|
|t:|1682376157
|switch|p2a: Corviknight|Corviknight, F|75/100
|-ability|p2a: Corviknight|Pressure
|move|p1a: Great Tusk|Stealth Rock|p2a: Corviknight
|-sidestart|p2: Highv0ltag3|move: Stealth Rock
|
|-heal|p2a: Corviknight|81/100|[from] item: Leftovers
|upkeep
|turn|31
|
|t:|1682376161
|move|p1a: Great Tusk|Knock Off|p2a: Corviknight
|-damage|p2a: Corviknight|63/100
|-enditem|p2a: Corviknight|Leftovers|[from] move: Knock Off|[of] p1a: Great Tusk
|move|p2a: Corviknight|Iron Defense|p2a: Corviknight
|-boost|p2a: Corviknight|def|2
|
|upkeep
|turn|32
|
|t:|1682376164
|-end|p1a: Great Tusk|Protosynthesis|[silent]
|switch|p1a: Dragapult|Dragapult, F|69/100
|move|p2a: Corviknight|Roost|p2a: Corviknight
|-heal|p2a: Corviknight|100/100
|-singleturn|p2a: Corviknight|move: Roost
|
|upkeep
|turn|33
|
|t:|1682376168
|switch|p2a: Clodsire|Clodsire, F|73/100
|move|p1a: Dragapult|Shadow Ball|p2a: Clodsire
|-damage|p2a: Clodsire|44/100
|
|upkeep
|turn|34
|
|t:|1682376177
|switch|p1a: Slowking|Slowking, M, tera:Water|72/100
|move|p2a: Clodsire|Recover|p2a: Clodsire
|-heal|p2a: Clodsire|94/100
|
|upkeep
|turn|35
|
|t:|1682376182
|switch|p1a: Kingambit|Kingambit, F|100/100
|move|p2a: Clodsire|Stealth Rock|p1a: Kingambit
|-sidestart|p1: Hana Macchia|move: Stealth Rock
|
|upkeep
|turn|36
|
|t:|1682376185
|switch|p2a: Dondozo|Dondozo, M|100/100
|move|p1a: Kingambit|Kowtow Cleave|p2a: Dondozo
|-damage|p2a: Dondozo|78/100
|
|upkeep
|turn|37
|
|t:|1682376192
|-end|p1a: Kingambit|fallenundefined|[silent]
|switch|p1a: Dragapult|Dragapult, F|69/100
|-damage|p1a: Dragapult|57/100|[from] Stealth Rock
|switch|p2a: Meowscarada|Meowscarada, F|100/100
|
|upkeep
|turn|38
|
|t:|1682376199
|switch|p2a: Slowking|Slowking, M|93/100
|move|p1a: Dragapult|Shadow Ball|p2a: Slowking
|-supereffective|p2a: Slowking
|-damage|p2a: Slowking|27/100
|
|upkeep
|turn|39
|
|t:|1682376203
|switch|p2a: Clodsire|Clodsire, F|94/100
|move|p1a: Dragapult|Shadow Ball|p2a: Clodsire
|-damage|p2a: Clodsire|65/100
|-unboost|p2a: Clodsire|spd|1
|
|upkeep
|turn|40
|
|t:|1682376207
|move|p1a: Dragapult|Shadow Ball|p2a: Clodsire
|-damage|p2a: Clodsire|23/100
|move|p2a: Clodsire|Amnesia|p2a: Clodsire
|-boost|p2a: Clodsire|spd|2
|
|upkeep
|turn|41
|j| Bad Players
|
|t:|1682376215
|switch|p1a: Slowking|Slowking, M, tera:Water|100/100
|-damage|p1a: Slowking|88/100|[from] Stealth Rock
|move|p2a: Clodsire|Recover|p2a: Clodsire
|-heal|p2a: Clodsire|73/100
|
|upkeep
|turn|42
|
|t:|1682376217
|move|p1a: Slowking|Psyshock|p2a: Clodsire
|-supereffective|p2a: Clodsire
|-damage|p2a: Clodsire|0 fnt
|faint|p2a: Clodsire
|
|upkeep
|
|t:|1682376220
|switch|p2a: Meowscarada|Meowscarada, F|100/100
|turn|43
|j| rhaegal77
|
|t:|1682376224
|switch|p1a: Corviknight|Corviknight, F|70/100
|-damage|p1a: Corviknight|58/100|[from] Stealth Rock
|-ability|p1a: Corviknight|Pressure
|move|p2a: Meowscarada|Knock Off|p1a: Corviknight
|-damage|p1a: Corviknight|39/100
|
|upkeep
|turn|44
|
|t:|1682376227
|move|p2a: Meowscarada|U-turn|p1a: Corviknight
|-resisted|p1a: Corviknight
|-damage|p1a: Corviknight|36/100
|
|t:|1682376228
|switch|p2a: Slowking|Slowking, M|60/100|[from] U-turn
|move|p1a: Corviknight|Roost|p1a: Corviknight
|-heal|p1a: Corviknight|86/100
|-singleturn|p1a: Corviknight|move: Roost
|
|upkeep
|turn|45
|
|t:|1682376231
|-terastallize|p2a: Slowking|Fairy
|move|p1a: Corviknight|Brave Bird|p2a: Slowking
|-damage|p2a: Slowking|20/100
|-damage|p1a: Corviknight|73/100|[from] Recoil
|move|p2a: Slowking|Chilly Reception|p2a: Slowking
|-weather|Snow
|
|t:|1682376236
|switch|p2a: Meowscarada|Meowscarada, F|100/100|[from] Chilly Reception
|
|-weather|Snow|[upkeep]
|upkeep
|turn|46
|
|t:|1682376242
|move|p2a: Meowscarada|U-turn|p1a: Corviknight
|-resisted|p1a: Corviknight
|-damage|p1a: Corviknight|70/100
|
|t:|1682376244
|switch|p2a: Slowking|Slowking, M, tera:Fairy|53/100|[from] U-turn
|move|p1a: Corviknight|Roost|p1a: Corviknight
|-heal|p1a: Corviknight|100/100
|-singleturn|p1a: Corviknight|move: Roost
|
|-weather|Snow|[upkeep]
|upkeep
|turn|47
|
|t:|1682376247
|move|p1a: Corviknight|U-turn|p2a: Slowking
|-resisted|p2a: Slowking
|-damage|p2a: Slowking|46/100
|
|t:|1682376249
|switch|p1a: Slowking|Slowking, M, tera:Water|100/100|[from] U-turn
|-damage|p1a: Slowking|88/100|[from] Stealth Rock
|move|p2a: Slowking|Slack Off|p2a: Slowking
|-heal|p2a: Slowking|96/100
|
|-weather|Snow|[upkeep]
|upkeep
|turn|48
|
|t:|1682376252
|move|p1a: Slowking|Surf|p2a: Slowking
|-damage|p2a: Slowking|63/100
|move|p2a: Slowking|Future Sight|p1a: Slowking
|-start|p2a: Slowking|move: Future Sight
|
|-weather|Snow|[upkeep]
|upkeep
|turn|49
|
|t:|1682376259
|switch|p1a: Corviknight|Corviknight, F|100/100
|-damage|p1a: Corviknight|88/100|[from] Stealth Rock
|-ability|p1a: Corviknight|Pressure
|move|p2a: Slowking|Chilly Reception|p2a: Slowking
|
|t:|1682376262
|switch|p2a: Corviknight|Corviknight, F|100/100|[from] Chilly Reception
|-damage|p2a: Corviknight|88/100|[from] Stealth Rock
|-ability|p2a: Corviknight|Pressure
|
|-weather|none
|upkeep
|turn|50
|
|t:|1682376275
|move|p1a: Corviknight|Brave Bird|p2a: Corviknight
|-resisted|p2a: Corviknight
|-damage|p2a: Corviknight|78/100
|-damage|p1a: Corviknight|85/100|[from] Recoil
|move|p2a: Corviknight|U-turn|p1a: Corviknight
|-resisted|p1a: Corviknight
|-damage|p1a: Corviknight|83/100
|
|t:|1682376278
|switch|p2a: Meowscarada|Meowscarada, F|100/100|[from] U-turn
|
|-end|p1a: Corviknight|move: Future Sight
|-resisted|p1a: Corviknight
|-damage|p1a: Corviknight|63/100
|upkeep
|turn|51
|
|t:|1682376281
|move|p2a: Meowscarada|U-turn|p1a: Corviknight
|-resisted|p1a: Corviknight
|-damage|p1a: Corviknight|60/100
|
|t:|1682376284
|switch|p2a: Slowking|Slowking, M, tera:Fairy|96/100|[from] U-turn
|move|p1a: Corviknight|U-turn|p2a: Slowking
|-resisted|p2a: Slowking
|-damage|p2a: Slowking|88/100
|
|t:|1682376289
|switch|p1a: Kingambit|Kingambit, F|100/100|[from] U-turn
|-damage|p1a: Kingambit|94/100|[from] Stealth Rock
|
|-heal|p1a: Kingambit|100/100|[from] item: Leftovers
|upkeep
|turn|52
|
|t:|1682376292
|switch|p2a: Dondozo|Dondozo, M|78/100
|move|p1a: Kingambit|Kowtow Cleave|p2a: Dondozo
|-damage|p2a: Dondozo|57/100
|
|upkeep
|turn|53
|
|t:|1682376300
|-end|p1a: Kingambit|fallenundefined|[silent]
|switch|p1a: Slowking|Slowking, M, tera:Water|100/100
|-damage|p1a: Slowking|88/100|[from] Stealth Rock
|move|p2a: Dondozo|Body Press|p1a: Slowking
|-damage|p1a: Slowking|57/100
|
|upkeep
|turn|54
|
|t:|1682376302
|switch|p2a: Meowscarada|Meowscarada, F|100/100
|move|p1a: Slowking|Psychic|p2a: Meowscarada
|-immune|p2a: Meowscarada
|
|upkeep
|turn|55
|
|t:|1682376308
|switch|p1a: Corviknight|Corviknight, F|60/100
|-damage|p1a: Corviknight|48/100|[from] Stealth Rock
|-ability|p1a: Corviknight|Pressure
|move|p2a: Meowscarada|Knock Off|p1a: Corviknight
|-damage|p1a: Corviknight|30/100
|
|upkeep
|turn|56
|
|t:|1682376311
|move|p2a: Meowscarada|Knock Off|p1a: Corviknight
|-damage|p1a: Corviknight|11/100
|move|p1a: Corviknight|Roost|p1a: Corviknight
|-heal|p1a: Corviknight|61/100
|-singleturn|p1a: Corviknight|move: Roost
|
|upkeep
|turn|57
|
|t:|1682376314
|move|p2a: Meowscarada|U-turn|p1a: Corviknight
|-resisted|p1a: Corviknight
|-damage|p1a: Corviknight|58/100
|
|t:|1682376319
|switch|p2a: Slowking|Slowking, M, tera:Fairy|100/100|[from] U-turn
|move|p1a: Corviknight|Roost|p1a: Corviknight
|-heal|p1a: Corviknight|100/100
|-singleturn|p1a: Corviknight|move: Roost
|
|upkeep
|turn|58
|
|t:|1682376324
|move|p1a: Corviknight|U-turn|p2a: Slowking
|-resisted|p2a: Slowking
|-damage|p2a: Slowking|93/100
|
|t:|1682376326
|switch|p1a: Great Tusk|Great Tusk|100/100|[from] U-turn
|-damage|p1a: Great Tusk|98/100|[from] Stealth Rock
|move|p2a: Slowking|Surf|p1a: Great Tusk
|-supereffective|p1a: Great Tusk
|-damage|p1a: Great Tusk|12/100
|
|-heal|p1a: Great Tusk|18/100|[from] item: Leftovers
|upkeep
|turn|59
|
|t:|1682376330
|move|p1a: Great Tusk|Rapid Spin|p2a: Slowking
|-damage|p2a: Slowking|77/100
|-boost|p1a: Great Tusk|spe|1
|-sideend|p1: Hana Macchia|Stealth Rock|[from] move: Rapid Spin|[of] p1a: Great Tusk
|move|p2a: Slowking|Surf|p1a: Great Tusk
|-supereffective|p1a: Great Tusk
|-damage|p1a: Great Tusk|0 fnt
|faint|p1a: Great Tusk
|-end|p1a: Great Tusk|Protosynthesis|[silent]
|
|upkeep
|
|t:|1682376333
|switch|p1a: Kingambit|Kingambit, F|100/100
|-activate|p1a: Kingambit|ability: Supreme Overlord
|-start|p1a: Kingambit|fallen1|[silent]
|turn|60
|
|t:|1682376335
|switch|p2a: Dondozo|Dondozo, M|57/100
|move|p1a: Kingambit|Kowtow Cleave|p2a: Dondozo
|-damage|p2a: Dondozo|32/100
|
|upkeep
|turn|61
|
|t:|1682376339
|move|p1a: Kingambit|Iron Head|p2a: Dondozo
|-resisted|p2a: Dondozo
|-damage|p2a: Dondozo|21/100
|move|p2a: Dondozo|Rest|p2a: Dondozo
|-status|p2a: Dondozo|slp|[from] move: Rest
|-heal|p2a: Dondozo|100/100 slp|[silent]
|
|upkeep
|turn|62
|
|t:|1682376341
|-end|p1a: Kingambit|fallen1|[silent]
|switch|p1a: Dragapult|Dragapult, F|57/100
|cant|p2a: Dondozo|slp
|move|p2a: Dondozo|Sleep Talk|p2a: Dondozo
|move|p2a: Dondozo|Body Press|p1a: Dragapult|[from]move: Sleep Talk
|-immune|p1a: Dragapult
|
|upkeep
|turn|63
|
|t:|1682376345
|switch|p2a: Slowking|Slowking, M, tera:Fairy|100/100
|move|p1a: Dragapult|U-turn|p2a: Slowking
|-resisted|p2a: Slowking
|-damage|p2a: Slowking|92/100
|
|t:|1682376350
|switch|p1a: Kingambit|Kingambit, F|100/100|[from] U-turn
|-activate|p1a: Kingambit|ability: Supreme Overlord
|-start|p1a: Kingambit|fallen1|[silent]
|
|upkeep
|turn|64
|
|t:|1682376354
|-end|p1a: Kingambit|fallen1|[silent]
|switch|p1a: Slowking|Slowking, M, tera:Water|90/100
|switch|p2a: Dondozo|Dondozo, M|100/100 slp
|
|upkeep
|turn|65
|
|t:|1682376358
|switch|p2a: Slowking|Slowking, M, tera:Fairy|100/100
|move|p1a: Slowking|Ice Beam|p2a: Slowking
|-damage|p2a: Slowking|83/100
|
|upkeep
|turn|66
|
|t:|1682376362
|move|p1a: Slowking|Psyshock|p2a: Slowking
|-damage|p2a: Slowking|46/100
|move|p2a: Slowking|Chilly Reception|p2a: Slowking
|-weather|Snow
|
|t:|1682376364
|switch|p2a: Meowscarada|Meowscarada, F|100/100|[from] Chilly Reception
|
|-weather|Snow|[upkeep]
|upkeep
|turn|67
|
|t:|1682376368
|switch|p1a: Corviknight|Corviknight, F|100/100
|-ability|p1a: Corviknight|Pressure
|move|p2a: Meowscarada|Flower Trick|p1a: Corviknight
|-resisted|p1a: Corviknight
|-crit|p1a: Corviknight
|-damage|p1a: Corviknight|93/100
|
|-weather|Snow|[upkeep]
|upkeep
|turn|68
|
|t:|1682376372
|move|p2a: Meowscarada|U-turn|p1a: Corviknight
|-resisted|p1a: Corviknight
|-damage|p1a: Corviknight|90/100
|
|t:|1682376374
|switch|p2a: Slowking|Slowking, M, tera:Fairy|79/100|[from] U-turn
|move|p1a: Corviknight|U-turn|p2a: Slowking
|-resisted|p2a: Slowking
|-damage|p2a: Slowking|72/100
|
|t:|1682376379
|switch|p1a: Slowking|Slowking, M, tera:Water|100/100|[from] U-turn
|
|-weather|Snow|[upkeep]
|upkeep
|turn|69
|
|t:|1682376382
|move|p1a: Slowking|Psyshock|p2a: Slowking
|-damage|p2a: Slowking|31/100
|move|p2a: Slowking|Chilly Reception|p2a: Slowking
|
|t:|1682376384
|switch|p2a: Meowscarada|Meowscarada, F|100/100|[from] Chilly Reception
|
|-weather|Snow|[upkeep]
|upkeep
|turn|70
|
|t:|1682376387
|switch|p1a: Corviknight|Corviknight, F|90/100
|-ability|p1a: Corviknight|Pressure
|move|p2a: Meowscarada|Knock Off|p1a: Corviknight
|-damage|p1a: Corviknight|73/100
|
|-weather|none
|upkeep
|turn|71
|
|t:|1682376390
|switch|p2a: Slowking|Slowking, M, tera:Fairy|64/100
|move|p1a: Corviknight|U-turn|p2a: Slowking
|-resisted|p2a: Slowking
|-damage|p2a: Slowking|56/100
|
|t:|1682376401
|switch|p1a: Slowking|Slowking, M, tera:Water|100/100|[from] U-turn
|
|upkeep
|turn|72
|
|t:|1682376403
|switch|p2a: Meowscarada|Meowscarada, F|100/100
|move|p1a: Slowking|Ice Beam|p2a: Meowscarada
|-supereffective|p2a: Meowscarada
|-damage|p2a: Meowscarada|5/100
|-status|p2a: Meowscarada|frz
|
|upkeep
|turn|73
|
|t:|1682376411
|cant|p2a: Meowscarada|frz
|move|p1a: Slowking|Surf|p2a: Meowscarada
|-resisted|p2a: Meowscarada
|-damage|p2a: Meowscarada|0 fnt
|faint|p2a: Meowscarada
|
|upkeep
|c|☆Highv0ltag3|Gg
|l| rhaegal77
|c|☆Hana Macchia|gg
|c|☆Highv0ltag3|Low hp benefitted me
|c|☆Highv0ltag3|Cuz of overgrow
|c|☆Hana Macchia|ye
|c|☆Highv0ltag3|But freeze is tough
|-message|Highv0ltag3 forfeited.
|
|win|Hana Macchia
|raw|Hana Macchia's rating: 1912 → 1939(+27 for winning)
|raw|Highv0ltag3's rating: 2032 → 2005(-27 for losing)
|l|☆Highv0ltag3
