|j|☆Yoink 0
|j|‽skoma
|t:|1685999291
|gametype|singles
|player|p1|Yoink 0|kukui|1785
|player|p2|skoma|#ompl2021spindawheels|1917
|teamsize|p1|6
|teamsize|p2|6
|gen|9
|tier|[Gen 9] OU
|rated|
|rule|Sleep Clause Mod: Limit one foe put to sleep
|rule|Species Clause: Limit one of each Pokémon
|rule|OHKO Clause: OHKO moves are banned
|rule|Evasion Items Clause: Evasion items are banned
|rule|Evasion Moves Clause: Evasion moves are banned
|rule|Endless Battle Clause: Forcing endless battles is banned
|rule|HP Percentage Mod: HP is shown in percentages
|clearpoke
|poke|p1|Zapdos-Galar|
|poke|p1|Gholdengo|
|poke|p1|Samurott-Hisui, M|
|poke|p1|Landorus-Therian, M|
|poke|p1|Slowking-Galar, F|
|poke|p1|Iron Valiant|
|poke|p2|Blissey, F|
|poke|p2|Corviknight, M|
|poke|p2|Slowking-Galar, L99, M|
|poke|p2|Ditto|
|poke|p2|Toxapex, F|
|poke|p2|Sableye, M|
|teampreview
|j| oborozuki
|inactive|Battle timer is ON: inactive players will automatically lose when time's up. (requested by skoma)
|
|t:|1685999322
|start
|switch|p1a: Samurott|Samurott-Hisui, M, shiny|100/100
|switch|p2a: Corviknight|Corviknight, M|100/100
|-ability|p2a: Corviknight|Pressure
|turn|1
|
|t:|1685999327
|switch|p1a: Slowking|Slowking-Galar, F, shiny|100/100
|move|p2a: Corviknight|Body Press|p1a: Slowking
|-resisted|p1a: Slowking
|-damage|p1a: Slowking|94/100
|
|-heal|p1a: Slowking|100/100|[from] item: Leftovers
|upkeep
|turn|2
|j| StraightOuttaUnova
|
|t:|1685999333
|switch|p2a: Slowking|Slowking-Galar, L99, M|100/100
|move|p1a: Slowking|Chilly Reception|p1a: Slowking
|-weather|Snow
|
|t:|1685999337
|switch|p1a: Samurott|Samurott-Hisui, M, shiny|100/100|[from] Chilly Reception
|
|-weather|Snow|[upkeep]
|upkeep
|turn|3
|
|t:|1685999344
|move|p1a: Samurott|Ceaseless Edge|p2a: Slowking
|-supereffective|p2a: Slowking
|-damage|p2a: Slowking|38/100
|-sidestart|p2: skoma|Spikes
|move|p2a: Slowking|Sludge Bomb|p1a: Samurott
|-damage|p1a: Samurott|49/100
|-status|p1a: Samurott|psn
|
|-weather|Snow|[upkeep]
|-heal|p1a: Samurott|55/100 psn|[from] item: Leftovers
|-damage|p1a: Samurott|43/100 psn|[from] psn
|upkeep
|turn|4
|
|t:|1685999354
|switch|p1a: Tomas Gooberson|Gholdengo|100/100
|switch|p2a: Corviknight|Corviknight, M|100/100
|-ability|p2a: Corviknight|Pressure
|
|-weather|Snow|[upkeep]
|upkeep
|turn|5
|
|t:|1685999359
|switch|p2a: Toxapex|Toxapex, F|100/100
|-damage|p2a: Toxapex|88/100|[from] Spikes
|move|p1a: Tomas Gooberson|Trick|p2a: Toxapex
|-activate|p1a: Tomas Gooberson|move: Trick|[of] p2a: Toxapex
|-item|p2a: Toxapex|Choice Scarf|[from] move: Trick
|-item|p1a: Tomas Gooberson|Covert Cloak|[from] move: Trick
|
|-weather|Snow|[upkeep]
|upkeep
|turn|6
|
|t:|1685999374
|switch|p1a: Landorus|Landorus-Therian, M|100/100
|-ability|p1a: Landorus|Intimidate|boost
|-unboost|p2a: Toxapex|atk|1
|switch|p2a: Blissey|Blissey, F|100/100
|
|-weather|none
|upkeep
|turn|7
|
|t:|1685999380
|switch|p2a: Corviknight|Corviknight, M|100/100
|-ability|p2a: Corviknight|Pressure
|move|p1a: Landorus|Stealth Rock|p2a: Corviknight
|-sidestart|p2: skoma|move: Stealth Rock
|
|upkeep
|turn|8
|
|t:|1685999383
|move|p1a: Landorus|Taunt|p2a: Corviknight
|-start|p2a: Corviknight|move: Taunt
|cant|p2a: Corviknight|move: Taunt|Defog
|
|upkeep
|turn|9
|
|t:|1685999389
|switch|p2a: Sableye|Sableye, M|100/100
|move|p1a: Landorus|Earthquake|p2a: Sableye
|-damage|p2a: Sableye|52/100
|
|upkeep
|turn|10
|
|t:|1685999396
|switch|p1a: Tomas Gooberson|Gholdengo|100/100
|move|p2a: Sableye|Recover|p2a: Sableye
|-heal|p2a: Sableye|100/100
|
|upkeep
|turn|11
|
|t:|1685999400
|switch|p1a: Iron Valiant|Iron Valiant|100/100
|-enditem|p1a: Iron Valiant|Booster Energy
|-activate|p1a: Iron Valiant|ability: Quark Drive|[fromitem]
|-start|p1a: Iron Valiant|quarkdrivespe
|switch|p2a: Slowking|Slowking-Galar, L99, M|72/100
|
|upkeep
|turn|12
|
|t:|1685999406
|-end|p1a: Iron Valiant|Quark Drive|[silent]
|switch|p1a: Tomas Gooberson|Gholdengo|100/100
|move|p2a: Slowking|Sludge Bomb|p1a: Tomas Gooberson
|-immune|p1a: Tomas Gooberson
|
|upkeep
|turn|13
|
|t:|1685999420
|switch|p1a: Landorus|Landorus-Therian, M|100/100
|-ability|p1a: Landorus|Intimidate|boost
|-unboost|p2a: Slowking|atk|1
|switch|p2a: Sableye|Sableye, M|100/100
|
|upkeep
|turn|14
|
|t:|1685999428
|switch|p1a: Iron Valiant|Iron Valiant|100/100
|move|p2a: Sableye|Knock Off|p1a: Iron Valiant
|-resisted|p1a: Iron Valiant
|-damage|p1a: Iron Valiant|95/100
|
|upkeep
|turn|15
|
|t:|1685999431
|switch|p2a: Slowking|Slowking-Galar, L99, M|100/100
|move|p1a: Iron Valiant|Knock Off|p2a: Slowking
|-supereffective|p2a: Slowking
|-damage|p2a: Slowking|62/100
|-enditem|p2a: Slowking|Heavy-Duty Boots|[from] move: Knock Off|[of] p1a: Iron Valiant
|
|upkeep
|turn|16
|
|t:|1685999441
|-end|p1a: Iron Valiant|Quark Drive|[silent]
|switch|p1a: Slowking|Slowking-Galar, F, shiny|100/100
|move|p2a: Slowking|Sludge Bomb|p1a: Slowking
|-resisted|p1a: Slowking
|-damage|p1a: Slowking|91/100
|
|-heal|p1a: Slowking|97/100|[from] item: Leftovers
|upkeep
|turn|17
|
|t:|1685999445
|move|p1a: Slowking|Future Sight|p2a: Slowking
|-start|p1a: Slowking|move: Future Sight
|move|p2a: Slowking|Chilly Reception|p2a: Slowking
|-weather|Snow
|
|t:|1685999461
|switch|p2a: Sableye|Sableye, M|100/100|[from] Chilly Reception
|
|-weather|Snow|[upkeep]
|-heal|p1a: Slowking|100/100|[from] item: Leftovers
|upkeep
|turn|18
|c|☆Yoink 0|fire avatar btw
|
|t:|1685999474
|move|p2a: Sableye|Will-O-Wisp|p1a: Slowking|[miss]
|-miss|p2a: Sableye|p1a: Slowking
|move|p1a: Slowking|Chilly Reception|p1a: Slowking
|
|t:|1685999476
|switch|p1a: Iron Valiant|Iron Valiant|95/100|[from] Chilly Reception
|
|-weather|Snow|[upkeep]
|upkeep
|turn|19
|j| panda1234
|
|t:|1685999494
|-end|p1a: Iron Valiant|Quark Drive|[silent]
|switch|p1a: Zapdos|Zapdos-Galar|100/100
|move|p2a: Sableye|Protect||[still]
|-fail|p2a: Sableye
|
|-weather|Snow|[upkeep]
|-end|p2a: Sableye|move: Future Sight
|-immune|p2a: Sableye
|upkeep
|turn|20
|
|t:|1685999505
|switch|p1a: Iron Valiant|Iron Valiant|95/100
|move|p2a: Sableye|Knock Off|p1a: Iron Valiant
|-resisted|p1a: Iron Valiant
|-damage|p1a: Iron Valiant|89/100
|
|-weather|Snow|[upkeep]
|upkeep
|turn|21
|
|t:|1685999510
|switch|p2a: Slowking|Slowking-Galar, L99, M|95/100
|-damage|p2a: Slowking|83/100|[from] Spikes
|-damage|p2a: Slowking|71/100|[from] Stealth Rock
|move|p1a: Iron Valiant|Moonblast|p2a: Slowking
|-resisted|p2a: Slowking
|-damage|p2a: Slowking|51/100
|
|-weather|none
|upkeep
|turn|22
|
|t:|1685999527
|-end|p1a: Iron Valiant|Quark Drive|[silent]
|switch|p1a: Slowking|Slowking-Galar, F, shiny|100/100
|move|p2a: Slowking|Flamethrower|p1a: Slowking
|-damage|p1a: Slowking|88/100
|
|-heal|p1a: Slowking|94/100|[from] item: Leftovers
|upkeep
|turn|23
|
|t:|1685999531
|move|p1a: Slowking|Future Sight|p2a: Slowking
|-start|p1a: Slowking|move: Future Sight
|move|p2a: Slowking|Chilly Reception|p2a: Slowking
|-weather|Snow
|
|t:|1685999533
|switch|p2a: Sableye|Sableye, M|100/100|[from] Chilly Reception
|
|-weather|Snow|[upkeep]
|-heal|p1a: Slowking|100/100|[from] item: Leftovers
|upkeep
|turn|24
|
|t:|1685999540
|switch|p1a: Iron Valiant|Iron Valiant|89/100
|move|p2a: Sableye|Knock Off|p1a: Iron Valiant
|-resisted|p1a: Iron Valiant
|-damage|p1a: Iron Valiant|84/100
|
|-weather|Snow|[upkeep]
|upkeep
|turn|25
|
|t:|1685999554
|move|p2a: Sableye|Protect|p2a: Sableye
|-singleturn|p2a: Sableye|Protect
|move|p1a: Iron Valiant|Moonblast|p2a: Sableye
|-activate|p2a: Sableye|move: Protect
|
|-weather|Snow|[upkeep]
|-end|p2a: Sableye|move: Future Sight
|-immune|p2a: Sableye
|upkeep
|turn|26
|
|t:|1685999559
|switch|p2a: Toxapex|Toxapex, F|100/100
|-damage|p2a: Toxapex|88/100|[from] Spikes
|-damage|p2a: Toxapex|75/100|[from] Stealth Rock
|move|p1a: Iron Valiant|Knock Off|p2a: Toxapex
|-damage|p2a: Toxapex|54/100
|-enditem|p2a: Toxapex|Choice Scarf|[from] move: Knock Off|[of] p1a: Iron Valiant
|
|-weather|Snow|[upkeep]
|upkeep
|turn|27
|
|t:|1685999573
|-end|p1a: Iron Valiant|Quark Drive|[silent]
|switch|p1a: Tomas Gooberson|Gholdengo|100/100
|move|p2a: Toxapex|Recover|p2a: Toxapex
|-heal|p2a: Toxapex|100/100
|
|-weather|none
|upkeep
|turn|28
|j| Youressi
|
|t:|1685999581
|move|p1a: Tomas Gooberson|Shadow Ball|p2a: Toxapex
|-damage|p2a: Toxapex|73/100
|move|p2a: Toxapex|Surf|p1a: Tomas Gooberson
|-damage|p1a: Tomas Gooberson|78/100
|
|upkeep
|turn|29
|
|t:|1685999586
|switch|p1a: Slowking|Slowking-Galar, F, shiny|100/100
|move|p2a: Toxapex|Surf|p1a: Slowking
|-damage|p1a: Slowking|88/100
|
|-heal|p1a: Slowking|94/100|[from] item: Leftovers
|upkeep
|turn|30
|
|t:|1685999589
|switch|p2a: Slowking|Slowking-Galar, L99, M|85/100
|-damage|p2a: Slowking|72/100|[from] Spikes
|-damage|p2a: Slowking|60/100|[from] Stealth Rock
|move|p1a: Slowking|Future Sight|p2a: Slowking
|-start|p1a: Slowking|move: Future Sight
|
|-heal|p1a: Slowking|99/100|[from] item: Leftovers
|upkeep
|turn|31
|
|t:|1685999593
|move|p1a: Slowking|Chilly Reception|p1a: Slowking
|-weather|Snow
|
|t:|1685999598
|switch|p1a: Tomas Gooberson|Gholdengo|78/100|[from] Chilly Reception
|move|p2a: Slowking|Chilly Reception|p2a: Slowking
|
|t:|1685999606
|switch|p2a: Blissey|Blissey, F|100/100|[from] Chilly Reception
|
|-weather|Snow|[upkeep]
|upkeep
|turn|32
|
|t:|1685999614
|switch|p1a: Zapdos|Zapdos-Galar|100/100
|switch|p2a: Sableye|Sableye, M|100/100
|
|-weather|Snow|[upkeep]
|-end|p2a: Sableye|move: Future Sight
|-immune|p2a: Sableye
|upkeep
|turn|33
|
|t:|1685999632
|switch|p1a: Iron Valiant|Iron Valiant|84/100
|move|p2a: Sableye|Will-O-Wisp|p1a: Iron Valiant
|-status|p1a: Iron Valiant|brn
|
|-weather|Snow|[upkeep]
|-damage|p1a: Iron Valiant|77/100 brn|[from] brn
|upkeep
|turn|34
|
|t:|1685999638
|move|p2a: Sableye|Protect|p2a: Sableye
|-singleturn|p2a: Sableye|Protect
|move|p1a: Iron Valiant|Moonblast|p2a: Sableye
|-activate|p2a: Sableye|move: Protect
|
|-weather|Snow|[upkeep]
|-damage|p1a: Iron Valiant|71/100 brn|[from] brn
|upkeep
|turn|35
|
|t:|1685999642
|-end|p1a: Iron Valiant|Quark Drive|[silent]
|switch|p1a: Samurott|Samurott-Hisui, M, shiny|43/100 psn
|switch|p2a: Slowking|Slowking-Galar, L99, M|93/100
|-damage|p2a: Slowking|81/100|[from] Spikes
|-damage|p2a: Slowking|69/100|[from] Stealth Rock
|
|-weather|none
|-heal|p1a: Samurott|49/100 psn|[from] item: Leftovers
|-damage|p1a: Samurott|37/100 psn|[from] psn
|upkeep
|turn|36
|j| ashleyumu
|
|t:|1685999659
|switch|p2a: Corviknight|Corviknight, M|100/100
|-damage|p2a: Corviknight|88/100|[from] Stealth Rock
|-ability|p2a: Corviknight|Pressure
|move|p1a: Samurott|Ceaseless Edge|p2a: Corviknight
|-damage|p2a: Corviknight|62/100
|-sidestart|p2: skoma|Spikes
|-damage|p1a: Samurott|20/100 psn|[from] item: Rocky Helmet|[of] p2a: Corviknight
|
|-heal|p1a: Samurott|26/100 psn|[from] item: Leftovers
|-damage|p1a: Samurott|14/100 psn|[from] psn
|upkeep
|turn|37
|
|t:|1685999665
|switch|p1a: Tomas Gooberson|Gholdengo|78/100
|move|p2a: Corviknight|Roost|p2a: Corviknight
|-heal|p2a: Corviknight|100/100
|-singleturn|p2a: Corviknight|move: Roost
|
|upkeep
|turn|38
|
|t:|1685999674
|switch|p1a: Zapdos|Zapdos-Galar|100/100
|move|p2a: Corviknight|Defog|p1a: Zapdos
|-unboost|p1a: Zapdos|evasion|1
|-ability|p1a: Zapdos|Defiant|boost
|-boost|p1a: Zapdos|atk|2
|-sideend|p2: skoma|Spikes|[from] move: Defog|[of] p2a: Corviknight
|-sideend|p2: skoma|Stealth Rock|[from] move: Defog|[of] p2a: Corviknight
|
|upkeep
|turn|39
|
|t:|1685999693
|switch|p2a: Toxapex|Toxapex, F|100/100
|move|p1a: Zapdos|Brave Bird|p2a: Toxapex
|-damage|p2a: Toxapex|0 fnt
|faint|p2a: Toxapex
|-damage|p1a: Zapdos|69/100|[from] Recoil
|
|upkeep
|
|t:|1685999695
|switch|p2a: Ditto|Ditto|100/100
|-transform|p2a: Ditto|p1a: Zapdos|[from] ability: Imposter
|turn|40
|j| Jujurps
|
|t:|1685999708
|switch|p1a: Samurott|Samurott-Hisui, M, shiny|14/100 psn
|move|p2a: Ditto|Brave Bird|p1a: Samurott
|-damage|p1a: Samurott|0 fnt
|faint|p1a: Samurott
|-damage|p2a: Ditto|96/100|[from] Recoil
|
|upkeep
|
|t:|1685999715
|switch|p1a: Tomas Gooberson|Gholdengo|78/100
|turn|41
|j| Quag's On Fire
|j| VaporeonEnjoyer69
|
|t:|1685999736
|switch|p2a: Blissey|Blissey, F|100/100
|move|p1a: Tomas Gooberson|Make It Rain|p2a: Blissey
|-damage|p2a: Blissey|81/100
|-unboost|p1a: Tomas Gooberson|spa|1
|
|upkeep
|turn|42
|
|t:|1685999746
|switch|p1a: Slowking|Slowking-Galar, F, shiny|100/100
|switch|p2a: Sableye|Sableye, M|100/100
|
|upkeep
|turn|43
|
|t:|1685999750
|move|p2a: Sableye|Knock Off|p1a: Slowking
|-supereffective|p1a: Slowking
|-damage|p1a: Slowking|46/100
|-enditem|p1a: Slowking|Leftovers|[from] move: Knock Off|[of] p2a: Sableye
|move|p1a: Slowking|Sludge Bomb|p2a: Sableye
|-resisted|p2a: Sableye
|-damage|p2a: Sableye|71/100
|
|upkeep
|turn|44
|
|t:|1685999753
|move|p2a: Sableye|Will-O-Wisp|p1a: Slowking
|-status|p1a: Slowking|brn
|move|p1a: Slowking|Chilly Reception|p1a: Slowking
|-weather|Snow
|
|t:|1685999761
|switch|p1a: Tomas Gooberson|Gholdengo|78/100|[from] Chilly Reception
|
|-weather|Snow|[upkeep]
|upkeep
|turn|45
|
|t:|1685999767
|switch|p1a: Zapdos|Zapdos-Galar|69/100
|move|p2a: Sableye|Protect||[still]
|-fail|p2a: Sableye
|
|-weather|Snow|[upkeep]
|upkeep
|turn|46
|
|t:|1685999775
|switch|p1a: Tomas Gooberson|Gholdengo|78/100
|move|p2a: Sableye|Will-O-Wisp|p1a: Tomas Gooberson
|-immune|p1a: Tomas Gooberson|[from] ability: Good as Gold
|
|-weather|Snow|[upkeep]
|upkeep
|turn|47
|
|t:|1685999781
|move|p2a: Sableye|Protect|p2a: Sableye
|-singleturn|p2a: Sableye|Protect
|move|p1a: Tomas Gooberson|Shadow Ball|p2a: Sableye
|-activate|p2a: Sableye|move: Protect
|
|-weather|Snow|[upkeep]
|upkeep
|turn|48
|
|t:|1685999786
|switch|p1a: Zapdos|Zapdos-Galar|69/100
|switch|p2a: Blissey|Blissey, F|81/100
|
|-weather|none
|upkeep
|turn|49
|j| LordJikji
|
|t:|1685999794
|switch|p2a: Slowking|Slowking-Galar, L99, M|100/100
|move|p1a: Zapdos|U-turn|p2a: Slowking
|-damage|p2a: Slowking|75/100
|
|t:|1685999798
|switch|p1a: Landorus|Landorus-Therian, M|100/100|[from] U-turn
|-ability|p1a: Landorus|Intimidate|boost
|-unboost|p2a: Slowking|atk|1
|
|upkeep
|turn|50
|
|t:|1685999803
|switch|p2a: Ditto|Ditto|96/100
|-transform|p2a: Ditto|p1a: Landorus|[from] ability: Imposter
|-ability|p2a: Ditto|Intimidate|boost
|-unboost|p1a: Landorus|atk|1
|move|p1a: Landorus|Stealth Rock|p2a: Ditto
|-sidestart|p2: skoma|move: Stealth Rock
|
|upkeep
|turn|51
|
|t:|1685999810
|switch|p1a: Zapdos|Zapdos-Galar|69/100
|move|p2a: Ditto|Stealth Rock|p1a: Zapdos
|-sidestart|p1: Yoink 0|move: Stealth Rock
|
|upkeep
|turn|52
|
|t:|1685999815
|switch|p2a: Corviknight|Corviknight, M|100/100
|-damage|p2a: Corviknight|88/100|[from] Stealth Rock
|-ability|p2a: Corviknight|Pressure
|move|p1a: Zapdos|Brave Bird|p2a: Corviknight
|-resisted|p2a: Corviknight
|-damage|p2a: Corviknight|61/100
|-damage|p1a: Zapdos|53/100|[from] item: Rocky Helmet|[of] p2a: Corviknight
|-damage|p1a: Zapdos|42/100|[from] Recoil
|
|upkeep
|turn|53
|
|t:|1685999819
|switch|p1a: Tomas Gooberson|Gholdengo|78/100
|-damage|p1a: Tomas Gooberson|72/100|[from] Stealth Rock
|move|p2a: Corviknight|Roost|p2a: Corviknight
|-heal|p2a: Corviknight|100/100
|-singleturn|p2a: Corviknight|move: Roost
|
|upkeep
|turn|54
|j| SirSSirS
|l| SirSSirS
|
|t:|1685999841
|move|p1a: Tomas Gooberson|Trick|p2a: Corviknight
|-activate|p1a: Tomas Gooberson|move: Trick|[of] p2a: Corviknight
|-item|p2a: Corviknight|Covert Cloak|[from] move: Trick
|-item|p1a: Tomas Gooberson|Rocky Helmet|[from] move: Trick
|move|p2a: Corviknight|Roost||[still]
|-fail|p2a: Corviknight|heal
|
|upkeep
|turn|55
|
|t:|1685999855
|switch|p1a: Landorus|Landorus-Therian, M|100/100
|-damage|p1a: Landorus|88/100|[from] Stealth Rock
|-ability|p1a: Landorus|Intimidate|boost
|-unboost|p2a: Corviknight|atk|1
|move|p2a: Corviknight|Body Press|p1a: Landorus
|-resisted|p1a: Landorus
|-damage|p1a: Landorus|79/100
|-damage|p2a: Corviknight|84/100|[from] item: Rocky Helmet|[of] p1a: Landorus
|
|upkeep
|turn|56
|
|t:|1685999861
|switch|p2a: Sableye|Sableye, M|71/100
|move|p1a: Landorus|Taunt|p2a: Sableye
|-start|p2a: Sableye|move: Taunt
|
|upkeep
|turn|57
|
|t:|1685999865
|switch|p2a: Corviknight|Corviknight, M|84/100
|-damage|p2a: Corviknight|72/100|[from] Stealth Rock
|-ability|p2a: Corviknight|Pressure
|move|p1a: Landorus|Earthquake|p2a: Corviknight
|-immune|p2a: Corviknight
|
|upkeep
|turn|58
|
|t:|1685999872
|switch|p2a: Ditto|Ditto|96/100
|-damage|p2a: Ditto|83/100|[from] Stealth Rock
|-transform|p2a: Ditto|p1a: Landorus|[from] ability: Imposter
|-ability|p2a: Ditto|Intimidate|boost
|-unboost|p1a: Landorus|atk|1
|move|p1a: Landorus|Taunt|p2a: Ditto
|-start|p2a: Ditto|move: Taunt
|
|upkeep
|turn|59
|
|t:|1685999881
|switch|p2a: Slowking|Slowking-Galar, L99, M|100/100
|-damage|p2a: Slowking|88/100|[from] Stealth Rock
|move|p1a: Landorus|U-turn|p2a: Slowking
|-damage|p2a: Slowking|77/100
|
|t:|1685999887
|switch|p1a: Tomas Gooberson|Gholdengo|72/100|[from] U-turn
|-damage|p1a: Tomas Gooberson|66/100|[from] Stealth Rock
|
|upkeep
|turn|60
|
|t:|1685999895
|-terastallize|p2a: Slowking|Water
|move|p1a: Tomas Gooberson|Recover|p1a: Tomas Gooberson
|-heal|p1a: Tomas Gooberson|100/100
|move|p2a: Slowking|Flamethrower|p1a: Tomas Gooberson
|-supereffective|p1a: Tomas Gooberson
|-damage|p1a: Tomas Gooberson|52/100
|-status|p1a: Tomas Gooberson|brn
|
|-damage|p1a: Tomas Gooberson|46/100 brn|[from] brn
|upkeep
|turn|61
|
|t:|1685999900
|switch|p1a: Slowking|Slowking-Galar, F, shiny|79/100 brn
|-damage|p1a: Slowking|66/100 brn|[from] Stealth Rock
|move|p2a: Slowking|Flamethrower|p1a: Slowking
|-damage|p1a: Slowking|53/100 brn
|
|-damage|p1a: Slowking|47/100 brn|[from] brn
|upkeep
|turn|62
|
|t:|1685999905
|move|p1a: Slowking|Future Sight|p2a: Slowking
|-start|p1a: Slowking|move: Future Sight
|move|p2a: Slowking|Psyshock|p1a: Slowking
|-damage|p1a: Slowking|18/100 brn
|
|-damage|p1a: Slowking|12/100 brn|[from] brn
|upkeep
|turn|63
|c|☆Yoink 0|gg prolly
|
|t:|1685999923
|move|p1a: Slowking|Chilly Reception|p1a: Slowking
|-weather|Snow
|
|t:|1685999931
|switch|p1a: Landorus|Landorus-Therian, M|79/100|[from] Chilly Reception
|-damage|p1a: Landorus|67/100|[from] Stealth Rock
|-ability|p1a: Landorus|Intimidate|boost
|-unboost|p2a: Slowking|atk|1
|move|p2a: Slowking|Psyshock|p1a: Landorus
|-damage|p1a: Landorus|48/100
|
|-weather|Snow|[upkeep]
|upkeep
|turn|64
|
|t:|1685999938
|switch|p2a: Sableye|Sableye, M|71/100
|move|p1a: Landorus|Earthquake|p2a: Sableye
|-damage|p2a: Sableye|29/100
|
|-weather|Snow|[upkeep]
|-end|p2a: Sableye|move: Future Sight
|-immune|p2a: Sableye
|upkeep
|turn|65
|
|t:|1685999948
|move|p2a: Sableye|Recover|p2a: Sableye
|-heal|p2a: Sableye|79/100
|move|p1a: Landorus|Earthquake|p2a: Sableye
|-damage|p2a: Sableye|30/100
|
|-weather|Snow|[upkeep]
|upkeep
|turn|66
|
|t:|1685999953
|move|p2a: Sableye|Will-O-Wisp|p1a: Landorus|[miss]
|-miss|p2a: Sableye|p1a: Landorus
|move|p1a: Landorus|Earthquake|p2a: Sableye
|-damage|p2a: Sableye|0 fnt
|faint|p2a: Sableye
|
|-weather|Snow|[upkeep]
|upkeep
|
|t:|1685999958
|switch|p2a: Ditto|Ditto|83/100
|-damage|p2a: Ditto|71/100|[from] Stealth Rock
|-transform|p2a: Ditto|p1a: Landorus|[from] ability: Imposter
|-ability|p2a: Ditto|Intimidate|boost
|-unboost|p1a: Landorus|atk|1
|turn|67
|
|t:|1685999969
|switch|p2a: Slowking|Slowking-Galar, L99, M, tera:Water|100/100
|-damage|p2a: Slowking|88/100|[from] Stealth Rock
|move|p1a: Landorus|Taunt|p2a: Slowking
|-start|p2a: Slowking|move: Taunt
|
|-weather|none
|upkeep
|turn|68
|
|t:|1685999979
|move|p1a: Landorus|U-turn|p2a: Slowking
|-damage|p2a: Slowking|76/100
|
|t:|1685999990
|switch|p1a: Tomas Gooberson|Gholdengo|46/100 brn|[from] U-turn
|-damage|p1a: Tomas Gooberson|40/100 brn|[from] Stealth Rock
|move|p2a: Slowking|Flamethrower|p1a: Tomas Gooberson
|-supereffective|p1a: Tomas Gooberson
|-damage|p1a: Tomas Gooberson|0 fnt
|faint|p1a: Tomas Gooberson
|
|upkeep
|
|t:|1685999996
|switch|p1a: Slowking|Slowking-Galar, F, shiny|45/100 brn
|-damage|p1a: Slowking|32/100 brn|[from] Stealth Rock
|turn|69
|
|t:|1686000000
|move|p1a: Slowking|Chilly Reception|p1a: Slowking
|-weather|Snow
|
|t:|1686000006
|switch|p1a: Iron Valiant|Iron Valiant|71/100 brn|[from] Chilly Reception
|-damage|p1a: Iron Valiant|65/100 brn|[from] Stealth Rock
|move|p2a: Slowking|Psyshock|p1a: Iron Valiant
|-supereffective|p1a: Iron Valiant
|-damage|p1a: Iron Valiant|0 fnt
|faint|p1a: Iron Valiant
|-end|p1a: Iron Valiant|Quark Drive|[silent]
|
|-weather|Snow|[upkeep]
|-end|p2a: Slowking|move: Taunt
|upkeep
|
|t:|1686000010
|switch|p1a: Slowking|Slowking-Galar, F, shiny|66/100 brn
|-damage|p1a: Slowking|53/100 brn|[from] Stealth Rock
|turn|70
|
|t:|1686000013
|move|p1a: Slowking|Fire Blast|p2a: Slowking
|-resisted|p2a: Slowking
|-damage|p2a: Slowking|66/100
|move|p2a: Slowking|Psyshock|p1a: Slowking
|-damage|p1a: Slowking|24/100 brn
|
|-weather|Snow|[upkeep]
|-damage|p1a: Slowking|18/100 brn|[from] brn
|upkeep
|turn|71
|
|t:|1686000018
|move|p1a: Slowking|Sludge Bomb|p2a: Slowking
|-damage|p2a: Slowking|37/100
|move|p2a: Slowking|Psyshock|p1a: Slowking
|-damage|p1a: Slowking|0 fnt
|faint|p1a: Slowking
|
|-weather|Snow|[upkeep]
|upkeep
|
|t:|1686000021
|switch|p1a: Zapdos|Zapdos-Galar|42/100
|-damage|p1a: Zapdos|29/100|[from] Stealth Rock
|turn|72
|
|t:|1686000033
|-terastallize|p1a: Zapdos|Fighting
|move|p1a: Zapdos|Close Combat|p2a: Slowking
|-crit|p2a: Slowking
|-damage|p2a: Slowking|0 fnt
|-unboost|p1a: Zapdos|def|1
|-unboost|p1a: Zapdos|spd|1
|faint|p2a: Slowking
|
|-weather|Snow|[upkeep]
|upkeep
|
|t:|1686000036
|switch|p2a: Ditto|Ditto|71/100
|-damage|p2a: Ditto|59/100|[from] Stealth Rock
|-transform|p2a: Ditto|p1a: Zapdos|[from] ability: Imposter
|-start|p2a: Ditto|typechange|Fighting/Flying|[silent]
|turn|73
|
|t:|1686000042
|move|p2a: Ditto|Brave Bird|p1a: Zapdos
|-supereffective|p1a: Zapdos
|-damage|p1a: Zapdos|0 fnt
|faint|p1a: Zapdos
|-damage|p2a: Ditto|49/100|[from] Recoil
|
|-weather|none
|upkeep
|-message|Yoink 0 forfeited.
|
|win|skoma
|raw|Yoink 0's rating: 1785 → 1772(-13 for losing)
|raw|skoma's rating: 1917 → 1930(+13 for winning)
|l|☆Yoink 0
