|j|☆Delibird Heart
|j|☆samohi0
|t:|1685999209
|gametype|singles
|player|p1|Delibird Heart|bruno|1689
|player|p2|samohi0|hoopster|1732
|teamsize|p1|6
|teamsize|p2|6
|gen|9
|tier|[Gen 9] OU
|rated|
|rule|Sleep Clause Mod: Limit one foe put to sleep
|rule|Species Clause: Limit one of each Pokémon
|rule|OHKO Clause: OHKO moves are banned
|rule|Evasion Items Clause: Evasion items are banned
|rule|Evasion Moves Clause: Evasion moves are banned
|rule|Endless Battle Clause: Forcing endless battles is banned
|rule|HP Percentage Mod: HP is shown in percentages
|clearpoke
|poke|p1|Torkoal, M|
|poke|p1|Walking Wake|
|poke|p1|Typhlosion-Hisui, M|
|poke|p1|Roaring Moon|
|poke|p1|Tornadus-Therian, M|
|poke|p1|Pelipper, F|
|poke|p2|Enamorus, F|
|poke|p2|Urshifu-*, F|
|poke|p2|Great Tusk|
|poke|p2|Kingambit, M|
|poke|p2|Volcanion|
|poke|p2|Dragapult, F|
|teampreview
|inactive|Battle timer is ON: inactive players will automatically lose when time's up. (requested by Delibird Heart)
|
|t:|1685999214
|start
|switch|p1a: Torkoal|Torkoal, M|100/100
|switch|p2a: Dragapult|Dragapult, F|100/100
|-weather|SunnyDay|[from] ability: Drought|[of] p1a: Torkoal
|turn|1
|j| eqf2
|inactive|Delibird Heart has 120 seconds left.
|
|t:|1685999248
|switch|p1a: Tornadus|Tornadus-Therian, M|100/100
|move|p2a: Dragapult|Draco Meteor|p1a: Tornadus
|-damage|p1a: Tornadus|12/100
|-unboost|p2a: Dragapult|spa|2
|
|-weather|SunnyDay|[upkeep]
|upkeep
|turn|2
|inactive|Delibird Heart has 120 seconds left.
|
|t:|1685999259
|move|p2a: Dragapult|Draco Meteor|p1a: Tornadus
|-damage|p1a: Tornadus|0 fnt
|-unboost|p2a: Dragapult|spa|2
|faint|p1a: Tornadus
|
|-weather|SunnyDay|[upkeep]
|upkeep
|inactive|Delibird Heart has 120 seconds left.
|
|t:|1685999270
|switch|p1a: Typhlosion|Typhlosion-Hisui, M|100/100
|turn|3
|inactive|Delibird Heart has 120 seconds left.
|
|t:|1685999282
|switch|p2a: Volcanion|Volcanion|100/100
|move|p1a: Typhlosion|Eruption|p2a: Volcanion
|-resisted|p2a: Volcanion
|-damage|p2a: Volcanion|87/100
|
|-weather|SunnyDay|[upkeep]
|upkeep
|turn|4
|
|t:|1685999287
|switch|p1a: Roaring Moon|Roaring Moon|100/100
|-activate|p1a: Roaring Moon|ability: Protosynthesis
|-start|p1a: Roaring Moon|protosynthesisatk
|move|p2a: Volcanion|Steam Eruption|p1a: Roaring Moon
|-resisted|p1a: Roaring Moon
|-damage|p1a: Roaring Moon|89/100
|
|-weather|SunnyDay|[upkeep]
|upkeep
|turn|5
|inactive|Delibird Heart has 120 seconds left.
|
|t:|1685999310
|switch|p2a: Great Tusk|Great Tusk|100/100
|-activate|p2a: Great Tusk|ability: Protosynthesis
|-start|p2a: Great Tusk|protosynthesisspe
|move|p1a: Roaring Moon|Dragon Claw|p2a: Great Tusk
|-damage|p2a: Great Tusk|45/100
|
|-weather|SunnyDay|[upkeep]
|upkeep
|turn|6
|inactive|Delibird Heart has 120 seconds left.
|j| suki&hitomi
|
|t:|1685999334
|-end|p2a: Great Tusk|Protosynthesis|[silent]
|switch|p2a: Enamorus|Enamorus, F|100/100
|-end|p1a: Roaring Moon|Protosynthesis|[silent]
|switch|p1a: Pelipper|Pelipper, F|100/100
|
|-weather|SunnyDay|[upkeep]
|upkeep
|turn|7
|
|t:|1685999346
|move|p2a: Enamorus|Play Rough|p1a: Pelipper
|-damage|p1a: Pelipper|67/100
|move|p1a: Pelipper|Knock Off|p2a: Enamorus
|-resisted|p2a: Enamorus
|-damage|p2a: Enamorus|90/100
|-enditem|p2a: Enamorus|Leftovers|[from] move: Knock Off|[of] p1a: Pelipper
|
|-weather|SunnyDay|[upkeep]
|upkeep
|turn|8
|
|t:|1685999350
|move|p2a: Enamorus|Superpower|p1a: Pelipper
|-resisted|p1a: Pelipper
|-crit|p1a: Pelipper
|-damage|p1a: Pelipper|46/100
|-boost|p2a: Enamorus|atk|1
|-boost|p2a: Enamorus|def|1
|move|p1a: Pelipper|Roost|p1a: Pelipper
|-heal|p1a: Pelipper|96/100
|-singleturn|p1a: Pelipper|move: Roost
|
|-weather|none
|upkeep
|turn|9
|
|t:|1685999352
|move|p2a: Enamorus|Play Rough|p1a: Pelipper
|-damage|p1a: Pelipper|44/100
|move|p1a: Pelipper|Brave Bird|p2a: Enamorus
|-damage|p2a: Enamorus|63/100
|-damage|p1a: Pelipper|36/100|[from] Recoil
|
|upkeep
|turn|10
|
|t:|1685999356
|switch|p1a: Torkoal|Torkoal, M|100/100
|-weather|SunnyDay|[from] ability: Drought|[of] p1a: Torkoal
|move|p2a: Enamorus|Play Rough|p1a: Torkoal
|-resisted|p1a: Torkoal
|-damage|p1a: Torkoal|83/100
|
|-weather|SunnyDay|[upkeep]
|upkeep
|turn|11
|
|t:|1685999363
|switch|p2a: Volcanion|Volcanion|87/100
|move|p1a: Torkoal|Yawn|p2a: Volcanion
|-start|p2a: Volcanion|move: Yawn|[of] p1a: Torkoal
|
|-weather|SunnyDay|[upkeep]
|upkeep
|turn|12
|
|t:|1685999369
|switch|p2a: Great Tusk|Great Tusk|45/100
|-activate|p2a: Great Tusk|ability: Protosynthesis
|-start|p2a: Great Tusk|protosynthesisspe
|switch|p1a: Walking Wake|Walking Wake|100/100
|-activate|p1a: Walking Wake|ability: Protosynthesis
|-start|p1a: Walking Wake|protosynthesisspa
|
|-weather|SunnyDay|[upkeep]
|upkeep
|turn|13
|
|t:|1685999385
|-end|p2a: Great Tusk|Protosynthesis|[silent]
|switch|p2a: Volcanion|Volcanion|87/100
|move|p1a: Walking Wake|Flamethrower|p2a: Volcanion
|-resisted|p2a: Volcanion
|-damage|p2a: Volcanion|75/100
|
|-weather|SunnyDay|[upkeep]
|upkeep
|turn|14
|
|t:|1685999391
|-end|p1a: Walking Wake|Protosynthesis|[silent]
|switch|p1a: Roaring Moon|Roaring Moon|89/100
|-activate|p1a: Roaring Moon|ability: Protosynthesis
|-start|p1a: Roaring Moon|protosynthesisatk
|move|p2a: Volcanion|Flamethrower|p1a: Roaring Moon
|-resisted|p1a: Roaring Moon
|-crit|p1a: Roaring Moon
|-damage|p1a: Roaring Moon|49/100
|
|-weather|SunnyDay|[upkeep]
|upkeep
|turn|15
|
|t:|1685999401
|switch|p2a: Great Tusk|Great Tusk|45/100
|-activate|p2a: Great Tusk|ability: Protosynthesis
|-start|p2a: Great Tusk|protosynthesisspe
|move|p1a: Roaring Moon|U-turn|p2a: Great Tusk
|-resisted|p2a: Great Tusk
|-damage|p2a: Great Tusk|30/100
|
|t:|1685999408
|-end|p1a: Roaring Moon|Protosynthesis|[silent]
|switch|p1a: Pelipper|Pelipper, F|36/100|[from] U-turn
|
|-weather|SunnyDay|[upkeep]
|upkeep
|turn|16
|
|t:|1685999411
|move|p2a: Great Tusk|Knock Off|p1a: Pelipper
|-damage|p1a: Pelipper|16/100
|-enditem|p1a: Pelipper|Heavy-Duty Boots|[from] move: Knock Off|[of] p2a: Great Tusk
|move|p1a: Pelipper|Roost|p1a: Pelipper
|-heal|p1a: Pelipper|66/100
|-singleturn|p1a: Pelipper|move: Roost
|
|-weather|SunnyDay|[upkeep]
|upkeep
|turn|17
|
|t:|1685999415
|-end|p2a: Great Tusk|Protosynthesis|[silent]
|switch|p2a: Dragapult|Dragapult, F|100/100
|move|p1a: Pelipper|U-turn|p2a: Dragapult
|-resisted|p2a: Dragapult
|-damage|p2a: Dragapult|94/100
|
|t:|1685999421
|switch|p1a: Typhlosion|Typhlosion-Hisui, M|100/100|[from] U-turn
|
|-weather|none
|upkeep
|turn|18
|
|t:|1685999446
|switch|p2a: Kingambit|Kingambit, M|100/100
|move|p1a: Typhlosion|Shadow Ball|p2a: Kingambit
|-resisted|p2a: Kingambit
|-damage|p2a: Kingambit|78/100
|
|-heal|p2a: Kingambit|84/100|[from] item: Leftovers
|upkeep
|turn|19
|
|t:|1685999451
|switch|p1a: Torkoal|Torkoal, M|83/100
|-weather|SunnyDay|[from] ability: Drought|[of] p1a: Torkoal
|move|p2a: Kingambit|Kowtow Cleave|p1a: Torkoal
|-damage|p1a: Torkoal|54/100
|
|-weather|SunnyDay|[upkeep]
|-heal|p2a: Kingambit|90/100|[from] item: Leftovers
|upkeep
|turn|20
|
|t:|1685999456
|-end|p2a: Kingambit|fallenundefined|[silent]
|switch|p2a: Great Tusk|Great Tusk|30/100
|-activate|p2a: Great Tusk|ability: Protosynthesis
|-start|p2a: Great Tusk|protosynthesisspe
|move|p1a: Torkoal|Stealth Rock|p2a: Great Tusk
|-sidestart|p2: samohi0|move: Stealth Rock
|
|-weather|SunnyDay|[upkeep]
|upkeep
|turn|21
|
|t:|1685999463
|move|p2a: Great Tusk|Rapid Spin|p1a: Torkoal
|-damage|p1a: Torkoal|46/100
|-boost|p2a: Great Tusk|spe|1
|-sideend|p2: samohi0|Stealth Rock|[from] move: Rapid Spin|[of] p2a: Great Tusk
|move|p1a: Torkoal|Lava Plume|p2a: Great Tusk
|-damage|p2a: Great Tusk|0 fnt
|faint|p2a: Great Tusk
|-end|p2a: Great Tusk|Protosynthesis|[silent]
|
|-weather|SunnyDay|[upkeep]
|upkeep
|
|t:|1685999467
|switch|p2a: Dragapult|Dragapult, F|94/100
|turn|22
|
|t:|1685999470
|-terastallize|p1a: Torkoal|Fairy
|move|p2a: Dragapult|Shadow Ball|p1a: Torkoal
|-damage|p1a: Torkoal|0 fnt
|faint|p1a: Torkoal
|
|-weather|SunnyDay|[upkeep]
|upkeep
|
|t:|1685999483
|switch|p1a: Roaring Moon|Roaring Moon|49/100
|-activate|p1a: Roaring Moon|ability: Protosynthesis
|-start|p1a: Roaring Moon|protosynthesisatk
|turn|23
|
|t:|1685999488
|switch|p2a: Enamorus|Enamorus, F|63/100
|move|p1a: Roaring Moon|U-turn|p2a: Enamorus
|-resisted|p2a: Enamorus
|-damage|p2a: Enamorus|44/100
|
|t:|1685999501
|-end|p1a: Roaring Moon|Protosynthesis|[silent]
|switch|p1a: Walking Wake|Walking Wake|100/100|[from] U-turn
|-activate|p1a: Walking Wake|ability: Protosynthesis
|-start|p1a: Walking Wake|protosynthesisspa
|
|-weather|SunnyDay|[upkeep]
|upkeep
|turn|24
|
|t:|1685999510
|move|p1a: Walking Wake|Draco Meteor|p2a: Enamorus
|-immune|p2a: Enamorus
|move|p2a: Enamorus|Moonblast|p1a: Walking Wake
|-supereffective|p1a: Walking Wake
|-damage|p1a: Walking Wake|8/100
|
|-weather|SunnyDay|[upkeep]
|upkeep
|turn|25
|c|☆Delibird Heart|nah bro's actually fking got a move reader
|n|!Delibird Heart|delibirdheart
|-message|Delibird Heart forfeited.
|
|win|samohi0
|raw|Delibird Heart's rating: 1689 → 1671(-18 for losing)
|raw|samohi0's rating: 1732 → 1750(+18 for winning)
|l|!Delibird Heart
|l| eqf2
|c|☆samohi0|nicest thing ever said about me
