|j|☆itsbooter
|j|☆peluca69
|t:|1686013650
|gametype|singles
|player|p1|itsbooter|2|1035
|player|p2|peluca69|266|1105
|teamsize|p1|6
|teamsize|p2|6
|gen|9
|tier|[Gen 9] OU
|rated|
|rule|Sleep Clause Mod: Limit one foe put to sleep
|rule|Species Clause: Limit one of each Pokémon
|rule|OHKO Clause: OHKO moves are banned
|rule|Evasion Items Clause: Evasion items are banned
|rule|Evasion Moves Clause: Evasion moves are banned
|rule|Endless Battle Clause: Forcing endless battles is banned
|rule|HP Percentage Mod: HP is shown in percentages
|clearpoke
|poke|p1|Toedscruel, F|
|poke|p1|Garganacl, F|
|poke|p1|Gholdengo|
|poke|p1|Rotom-Wash|
|poke|p1|Chien-Pao|
|poke|p1|Volcarona, F|
|poke|p2|Roaring Moon|
|poke|p2|Dragapult, F|
|poke|p2|Corviknight, M|
|poke|p2|Clodsire, F|
|poke|p2|Lilligant-Hisui, F|
|poke|p2|Rotom-Wash|
|teampreview
|inactive|Battle timer is ON: inactive players will automatically lose when time's up. (requested by itsbooter)
|
|t:|1686013672
|start
|switch|p1a: Rotom|Rotom-Wash|100/100
|switch|p2a: Rotom|Rotom-Wash|100/100
|turn|1
|
|t:|1686013690
|move|p2a: Rotom|Volt Switch|p1a: Rotom
|-damage|p1a: Rotom|70/100
|
|t:|1686013694
|switch|p2a: Clodsire|Clodsire, F|100/100|[from] Volt Switch
|move|p1a: Rotom|Hydro Pump|p2a: Clodsire
|-immune|p2a: Clodsire|[from] ability: Water Absorb
|
|-heal|p1a: Rotom|76/100|[from] item: Leftovers
|upkeep
|turn|2
|
|t:|1686013714
|switch|p1a: Toedscruel|Toedscruel, F, shiny|100/100
|move|p2a: Clodsire|Stealth Rock|p1a: Toedscruel
|-sidestart|p1: itsbooter|move: Stealth Rock
|
|upkeep
|turn|3
|
|t:|1686013728
|move|p2a: Clodsire|Toxic|p1a: Toedscruel
|-status|p1a: Toedscruel|tox
|move|p1a: Toedscruel|Spikes|p2a: Clodsire
|-sidestart|p2: peluca69|Spikes
|
|-damage|p1a: Toedscruel|94/100 tox|[from] psn
|upkeep
|turn|4
|
|t:|1686013747
|switch|p2a: Corviknight|Corviknight, M|100/100
|-ability|p2a: Corviknight|Pressure
|move|p1a: Toedscruel|Spikes|p2a: Corviknight
|-sidestart|p2: peluca69|Spikes
|
|-damage|p1a: Toedscruel|82/100 tox|[from] psn
|upkeep
|turn|5
|
|t:|1686013765
|switch|p1a: Rotom|Rotom-Wash|76/100
|-damage|p1a: Rotom|63/100|[from] Stealth Rock
|move|p2a: Corviknight|Brave Bird|p1a: Rotom
|-resisted|p1a: Rotom
|-damage|p1a: Rotom|50/100
|-damage|p2a: Corviknight|97/100|[from] Recoil
|
|-heal|p1a: Rotom|56/100|[from] item: Leftovers
|upkeep
|turn|6
|inactive|itsbooter has 120 seconds left.
|
|t:|1686013796
|switch|p2a: Clodsire|Clodsire, F|100/100
|-damage|p2a: Clodsire|84/100|[from] Spikes
|move|p1a: Rotom|Hydro Pump|p2a: Clodsire
|-heal|p2a: Clodsire|100/100|[from] ability: Water Absorb|[of] p1a: Rotom
|
|-heal|p1a: Rotom|62/100|[from] item: Leftovers
|upkeep
|turn|7
|inactive|itsbooter has 120 seconds left.
|
|t:|1686013812
|move|p1a: Rotom|Protect|p1a: Rotom
|-singleturn|p1a: Rotom|Protect
|move|p2a: Clodsire|Earthquake|p1a: Rotom
|-activate|p1a: Rotom|move: Protect
|
|-heal|p1a: Rotom|68/100|[from] item: Leftovers
|upkeep
|turn|8
|
|t:|1686013824
|switch|p1a: Toedscruel|Toedscruel, F, shiny|82/100 tox
|-damage|p1a: Toedscruel|76/100 tox|[from] Stealth Rock
|move|p2a: Clodsire|Toxic|p1a: Toedscruel
|-fail|p1a: Toedscruel|tox
|
|-damage|p1a: Toedscruel|70/100 tox|[from] psn
|upkeep
|turn|9
|
|t:|1686013833
|switch|p2a: Corviknight|Corviknight, M|97/100
|-ability|p2a: Corviknight|Pressure
|move|p1a: Toedscruel|Rapid Spin|p2a: Corviknight
|-resisted|p2a: Corviknight
|-crit|p2a: Corviknight
|-damage|p2a: Corviknight|94/100
|-boost|p1a: Toedscruel|spe|1
|-damage|p1a: Toedscruel|54/100 tox|[from] item: Rocky Helmet|[of] p2a: Corviknight
|-sideend|p1: itsbooter|Stealth Rock|[from] move: Rapid Spin|[of] p1a: Toedscruel
|
|-damage|p1a: Toedscruel|42/100 tox|[from] psn
|upkeep
|turn|10
|inactive|itsbooter has 120 seconds left.
|
|t:|1686013865
|switch|p1a: Gholdengo|Gholdengo|100/100
|-item|p1a: Gholdengo|Air Balloon
|move|p2a: Corviknight|Defog|p1a: Gholdengo
|-immune|p1a: Gholdengo|[from] ability: Good as Gold
|
|upkeep
|turn|11
|
|t:|1686013878
|move|p1a: Gholdengo|Nasty Plot|p1a: Gholdengo
|-boost|p1a: Gholdengo|spa|2
|move|p2a: Corviknight|U-turn|p1a: Gholdengo
|-resisted|p1a: Gholdengo
|-damage|p1a: Gholdengo|97/100
|-enditem|p1a: Gholdengo|Air Balloon
|
|t:|1686013886
|switch|p2a: Roaring Moon|Roaring Moon|100/100|[from] U-turn
|
|upkeep
|turn|12
|inactive|itsbooter has 90 seconds left.
|
|t:|1686013911
|switch|p1a: Chien-Pao|Chien-Pao|100/100
|-ability|p1a: Chien-Pao|Sword of Ruin
|move|p2a: Roaring Moon|Crunch|p1a: Chien-Pao
|-resisted|p1a: Chien-Pao
|-damage|p1a: Chien-Pao|68/100
|
|upkeep
|turn|13
|inactive|itsbooter has 90 seconds left.
|
|t:|1686013923
|-end|p2a: Roaring Moon|Protosynthesis|[silent]
|switch|p2a: Corviknight|Corviknight, M|94/100
|-ability|p2a: Corviknight|Pressure
|move|p1a: Chien-Pao|Ice Spinner|p2a: Corviknight
|-damage|p2a: Corviknight|45/100
|-damage|p1a: Chien-Pao|52/100|[from] item: Rocky Helmet|[of] p2a: Corviknight
|
|upkeep
|turn|14
|inactive|itsbooter has 90 seconds left.
|
|t:|1686013939
|move|p1a: Chien-Pao|Ice Spinner|p2a: Corviknight
|-damage|p2a: Corviknight|0 fnt
|-damage|p1a: Chien-Pao|35/100|[from] item: Rocky Helmet|[of] p2a: Corviknight
|faint|p2a: Corviknight
|
|upkeep
|
|t:|1686013948
|switch|p2a: Rotom|Rotom-Wash|100/100
|turn|15
|inactive|itsbooter has 90 seconds left.
|
|t:|1686013967
|switch|p1a: Rotom|Rotom-Wash|68/100
|move|p2a: Rotom|Volt Switch|p1a: Rotom
|-damage|p1a: Rotom|35/100
|
|t:|1686013975
|switch|p2a: Dragapult|Dragapult, F|100/100|[from] Volt Switch
|-damage|p2a: Dragapult|84/100|[from] Spikes
|
|-heal|p2a: Dragapult|90/100|[from] item: Leftovers
|-heal|p1a: Rotom|42/100|[from] item: Leftovers
|upkeep
|turn|16
|inactive|itsbooter has 90 seconds left.
|
|t:|1686013993
|move|p2a: Dragapult|Substitute|p2a: Dragapult
|-start|p2a: Dragapult|Substitute
|-damage|p2a: Dragapult|65/100
|move|p1a: Rotom|Will-O-Wisp|p2a: Dragapult|[miss]
|-miss|p1a: Rotom|p2a: Dragapult
|
|-heal|p2a: Dragapult|71/100|[from] item: Leftovers
|-heal|p1a: Rotom|48/100|[from] item: Leftovers
|upkeep
|turn|17
|
|t:|1686014007
|move|p1a: Rotom|Protect|p1a: Rotom
|-singleturn|p1a: Rotom|Protect
|move|p2a: Dragapult|Will-O-Wisp|p1a: Rotom
|-activate|p1a: Rotom|move: Protect
|
|-heal|p2a: Dragapult|77/100|[from] item: Leftovers
|-heal|p1a: Rotom|54/100|[from] item: Leftovers
|upkeep
|turn|18
|inactive|itsbooter has 90 seconds left.
|
|t:|1686014024
|switch|p1a: Gholdengo|Gholdengo|97/100
|move|p2a: Dragapult|Dragon Darts|p1a: Gholdengo
|-resisted|p1a: Gholdengo
|-damage|p1a: Gholdengo|85/100
|-anim|p2a: Dragapult|Dragon Darts|p1a: Gholdengo
|-resisted|p1a: Gholdengo
|-damage|p1a: Gholdengo|74/100
|
|-heal|p2a: Dragapult|83/100|[from] item: Leftovers
|upkeep
|turn|19
|
|t:|1686014040
|move|p2a: Dragapult|Hex|p1a: Gholdengo
|-supereffective|p1a: Gholdengo
|-damage|p1a: Gholdengo|20/100
|move|p1a: Gholdengo|Recover|p1a: Gholdengo
|-heal|p1a: Gholdengo|71/100
|
|-heal|p2a: Dragapult|89/100|[from] item: Leftovers
|upkeep
|turn|20
|
|t:|1686014050
|move|p2a: Dragapult|Hex|p1a: Gholdengo
|-supereffective|p1a: Gholdengo
|-damage|p1a: Gholdengo|19/100
|move|p1a: Gholdengo|Shadow Ball|p2a: Dragapult
|-supereffective|p2a: Dragapult
|-end|p2a: Dragapult|Substitute
|
|-heal|p2a: Dragapult|95/100|[from] item: Leftovers
|upkeep
|turn|21
|
|t:|1686014072
|switch|p1a: Rotom|Rotom-Wash|54/100
|move|p2a: Dragapult|Hex|p1a: Rotom
|-damage|p1a: Rotom|29/100
|
|-heal|p2a: Dragapult|100/100|[from] item: Leftovers
|-heal|p1a: Rotom|35/100|[from] item: Leftovers
|upkeep
|turn|22
|
|t:|1686014082
|move|p2a: Dragapult|Substitute|p2a: Dragapult
|-start|p2a: Dragapult|Substitute
|-damage|p2a: Dragapult|76/100
|move|p1a: Rotom|Will-O-Wisp||[still]
|-fail|p1a: Rotom
|
|-heal|p2a: Dragapult|82/100|[from] item: Leftovers
|-heal|p1a: Rotom|42/100|[from] item: Leftovers
|upkeep
|turn|23
|
|t:|1686014090
|move|p2a: Dragapult|Dragon Darts|p1a: Rotom
|-damage|p1a: Rotom|26/100
|-anim|p2a: Dragapult|Dragon Darts|p1a: Rotom
|-damage|p1a: Rotom|10/100
|move|p1a: Rotom|Hydro Pump|p2a: Dragapult
|-resisted|p2a: Dragapult
|-end|p2a: Dragapult|Substitute
|
|-heal|p2a: Dragapult|88/100|[from] item: Leftovers
|-heal|p1a: Rotom|17/100|[from] item: Leftovers
|upkeep
|turn|24
|
|t:|1686014102
|move|p2a: Dragapult|Substitute|p2a: Dragapult
|-start|p2a: Dragapult|Substitute
|-damage|p2a: Dragapult|63/100
|move|p1a: Rotom|Hydro Pump|p2a: Dragapult
|-resisted|p2a: Dragapult
|-activate|p2a: Dragapult|move: Substitute|[damage]
|
|-heal|p2a: Dragapult|69/100|[from] item: Leftovers
|-heal|p1a: Rotom|23/100|[from] item: Leftovers
|upkeep
|turn|25
|
|t:|1686014112
|move|p1a: Rotom|Protect|p1a: Rotom
|-singleturn|p1a: Rotom|Protect
|move|p2a: Dragapult|Dragon Darts|p1a: Rotom
|-activate|p1a: Rotom|move: Protect
|
|-heal|p2a: Dragapult|75/100|[from] item: Leftovers
|-heal|p1a: Rotom|29/100|[from] item: Leftovers
|upkeep
|turn|26
|inactive|itsbooter has 90 seconds left.
|
|t:|1686014120
|move|p2a: Dragapult|Dragon Darts|p1a: Rotom
|-damage|p1a: Rotom|14/100
|-anim|p2a: Dragapult|Dragon Darts|p1a: Rotom
|-damage|p1a: Rotom|0 fnt
|faint|p1a: Rotom
|
|-heal|p2a: Dragapult|81/100|[from] item: Leftovers
|upkeep
|inactive|itsbooter has 90 seconds left.
|n|!itsbooter|itsbooter
|
|t:|1686014140
|switch|p1a: Chien-Pao|Chien-Pao|35/100
|-ability|p1a: Chien-Pao|Sword of Ruin
|turn|27
|
|t:|1686014152
|move|p2a: Dragapult|Dragon Darts|p1a: Chien-Pao
|-damage|p1a: Chien-Pao|10/100
|-anim|p2a: Dragapult|Dragon Darts|p1a: Chien-Pao
|-damage|p1a: Chien-Pao|0 fnt
|faint|p1a: Chien-Pao
|
|-heal|p2a: Dragapult|87/100|[from] item: Leftovers
|upkeep
|inactive|itsbooter has 90 seconds left.
|
|t:|1686014160
|switch|p1a: Garganacl|Garganacl, F|100/100
|turn|28
|
|t:|1686014174
|move|p2a: Dragapult|Dragon Darts|p1a: Garganacl
|-damage|p1a: Garganacl|87/100
|-anim|p2a: Dragapult|Dragon Darts|p1a: Garganacl
|-damage|p1a: Garganacl|73/100
|move|p1a: Garganacl|Salt Cure|p2a: Dragapult
|-end|p2a: Dragapult|Substitute
|
|-heal|p2a: Dragapult|93/100|[from] item: Leftovers
|-heal|p1a: Garganacl|79/100|[from] item: Leftovers
|upkeep
|turn|29
|
|t:|1686014186
|move|p2a: Dragapult|Substitute|p2a: Dragapult
|-start|p2a: Dragapult|Substitute
|-damage|p2a: Dragapult|69/100
|move|p1a: Garganacl|Stealth Rock|p2a: Dragapult
|-sidestart|p2: peluca69|move: Stealth Rock
|
|-heal|p2a: Dragapult|75/100|[from] item: Leftovers
|-heal|p1a: Garganacl|85/100|[from] item: Leftovers
|upkeep
|turn|30
|
|t:|1686014197
|switch|p1a: Toedscruel|Toedscruel, F, shiny|42/100 tox
|move|p2a: Dragapult|Dragon Darts|p1a: Toedscruel
|-damage|p1a: Toedscruel|14/100 tox
|-anim|p2a: Dragapult|Dragon Darts|p1a: Toedscruel
|-damage|p1a: Toedscruel|0 fnt
|faint|p1a: Toedscruel
|
|-heal|p2a: Dragapult|81/100|[from] item: Leftovers
|upkeep
|
|t:|1686014204
|switch|p1a: Volcarona|Volcarona, F|100/100
|turn|31
|
|t:|1686014211
|move|p2a: Dragapult|Dragon Darts|p1a: Volcarona
|-damage|p1a: Volcarona|83/100
|-anim|p2a: Dragapult|Dragon Darts|p1a: Volcarona
|-damage|p1a: Volcarona|64/100
|move|p1a: Volcarona|Morning Sun|p1a: Volcarona
|-heal|p1a: Volcarona|100/100
|
|-heal|p2a: Dragapult|87/100|[from] item: Leftovers
|upkeep
|turn|32
|
|t:|1686014230
|switch|p2a: Rotom|Rotom-Wash|100/100
|-damage|p2a: Rotom|88/100|[from] Stealth Rock
|move|p1a: Volcarona|Fiery Dance|p2a: Rotom
|-resisted|p2a: Rotom
|-damage|p2a: Rotom|64/100
|
|upkeep
|turn|33
|
|t:|1686014244
|move|p2a: Rotom|Hydro Pump|p1a: Volcarona
|-supereffective|p1a: Volcarona
|-damage|p1a: Volcarona|9/100
|move|p1a: Volcarona|Will-O-Wisp|p2a: Rotom
|-status|p2a: Rotom|brn
|
|-damage|p2a: Rotom|57/100 brn|[from] brn
|upkeep
|turn|34
|
|t:|1686014253
|switch|p1a: Garganacl|Garganacl, F|85/100
|move|p2a: Rotom|Hydro Pump|p1a: Garganacl
|-supereffective|p1a: Garganacl
|-damage|p1a: Garganacl|16/100
|
|-heal|p1a: Garganacl|22/100|[from] item: Leftovers
|-damage|p2a: Rotom|51/100 brn|[from] brn
|upkeep
|turn|35
|inactive|itsbooter has 120 seconds left.
|
|t:|1686014263
|move|p1a: Garganacl|Protect|p1a: Garganacl
|-singleturn|p1a: Garganacl|Protect
|move|p2a: Rotom|Hydro Pump|p1a: Garganacl
|-activate|p1a: Garganacl|move: Protect
|
|-heal|p1a: Garganacl|28/100|[from] item: Leftovers
|-damage|p2a: Rotom|45/100 brn|[from] brn
|upkeep
|turn|36
|
|t:|1686014271
|move|p2a: Rotom|Hydro Pump|p1a: Garganacl
|-supereffective|p1a: Garganacl
|-damage|p1a: Garganacl|0 fnt
|faint|p1a: Garganacl
|
|-damage|p2a: Rotom|39/100 brn|[from] brn
|upkeep
|-message|itsbooter forfeited.
|
|win|peluca69
|raw|itsbooter's rating: 1035 → 1023(-12 for losing)
|raw|peluca69's rating: 1105 → 1125(+20 for winning)
|l|!itsbooter
