|j|☆Ryu nuzlocke
|j|☆Ziddy FFIX
|t:|1685997996
|gametype|singles
|player|p1|Ryu nuzlocke|101|1221
|player|p2|Ziddy FFIX|agatha-gen1rb|1303
|teamsize|p1|6
|teamsize|p2|6
|gen|9
|tier|[Gen 9] OU
|rated|
|rule|Sleep Clause Mod: Limit one foe put to sleep
|rule|Species Clause: Limit one of each Pokémon
|rule|OHKO Clause: OHKO moves are banned
|rule|Evasion Items Clause: Evasion items are banned
|rule|Evasion Moves Clause: Evasion moves are banned
|rule|Endless Battle Clause: Forcing endless battles is banned
|rule|HP Percentage Mod: HP is shown in percentages
|clearpoke
|poke|p1|Skeledirge, F|
|poke|p1|Zapdos|
|poke|p1|Toxapex, F|
|poke|p1|Iron Treads|
|poke|p1|Landorus-Therian, M|
|poke|p1|Gholdengo|
|poke|p2|Chien-Pao|
|poke|p2|Urshifu-*, M|
|poke|p2|Grimmsnarl, M|
|poke|p2|Landorus-Therian, M|
|poke|p2|Sneasler, F|
|poke|p2|Rillaboom, M|
|teampreview
|inactive|Battle timer is ON: inactive players will automatically lose when time's up. (requested by Ziddy FFIX)
|inactive|Ryu nuzlocke also wants the timer to be on.
|
|t:|1685998010
|start
|switch|p1a: Toxapex|Toxapex, F|100/100
|switch|p2a: Urshifu|Urshifu-Rapid-Strike, M|100/100
|turn|1
|
|t:|1685998012
|move|p2a: Urshifu|Substitute|p2a: Urshifu
|-start|p2a: Urshifu|Substitute
|-damage|p2a: Urshifu|76/100
|move|p1a: Toxapex|Infestation|p2a: Urshifu
|-resisted|p2a: Urshifu
|-crit|p2a: Urshifu
|-activate|p2a: Urshifu|move: Substitute|[damage]
|
|-heal|p2a: Urshifu|82/100|[from] item: Leftovers
|upkeep
|turn|2
|
|t:|1685998019
|switch|p1a: Zapdos|Zapdos|100/100
|move|p2a: Urshifu|Bulk Up|p2a: Urshifu
|-boost|p2a: Urshifu|atk|1
|-boost|p2a: Urshifu|def|1
|
|-heal|p2a: Urshifu|88/100|[from] item: Leftovers
|upkeep
|turn|3
|
|t:|1685998021
|move|p2a: Urshifu|Surging Strikes|p1a: Zapdos
|-crit|p1a: Zapdos
|-damage|p1a: Zapdos|78/100
|-crit|p1a: Zapdos
|-damage|p1a: Zapdos|56/100
|-crit|p1a: Zapdos
|-damage|p1a: Zapdos|36/100
|-hitcount|p1a: Zapdos|3
|move|p1a: Zapdos|Volt Switch|p2a: Urshifu
|-supereffective|p2a: Urshifu
|-end|p2a: Urshifu|Substitute
|
|t:|1685998027
|switch|p1a: Skeledirge|Skeledirge, F|100/100|[from] Volt Switch
|
|-heal|p2a: Urshifu|94/100|[from] item: Leftovers
|upkeep
|turn|4
|
|t:|1685998039
|-terastallize|p1a: Skeledirge|Fairy
|move|p2a: Urshifu|Surging Strikes|p1a: Skeledirge
|-crit|p1a: Skeledirge
|-damage|p1a: Skeledirge|83/100
|-crit|p1a: Skeledirge
|-damage|p1a: Skeledirge|66/100
|-crit|p1a: Skeledirge
|-damage|p1a: Skeledirge|49/100
|-hitcount|p1a: Skeledirge|3
|move|p1a: Skeledirge|Will-O-Wisp|p2a: Urshifu
|-status|p2a: Urshifu|brn
|
|-heal|p2a: Urshifu|99/100 brn|[from] item: Leftovers
|-damage|p2a: Urshifu|94/100 brn|[from] brn
|upkeep
|turn|5
|
|t:|1685998055
|switch|p2a: Grimmsnarl|Grimmsnarl, M|100/100
|move|p1a: Skeledirge|Slack Off|p1a: Skeledirge
|-heal|p1a: Skeledirge|99/100
|
|upkeep
|turn|6
|
|t:|1685998060
|move|p2a: Grimmsnarl|Taunt|p1a: Skeledirge
|-start|p1a: Skeledirge|move: Taunt
|move|p1a: Skeledirge|Torch Song|p2a: Grimmsnarl
|-damage|p2a: Grimmsnarl|79/100
|-boost|p1a: Skeledirge|spa|1
|
|upkeep
|turn|7
|
|t:|1685998065
|move|p2a: Grimmsnarl|Light Screen|p2a: Grimmsnarl
|-sidestart|p2: Ziddy FFIX|move: Light Screen
|move|p1a: Skeledirge|Torch Song|p2a: Grimmsnarl
|-damage|p2a: Grimmsnarl|61/100
|-boost|p1a: Skeledirge|spa|1
|
|upkeep
|turn|8
|
|t:|1685998069
|move|p2a: Grimmsnarl|Reflect|p2a: Grimmsnarl
|-sidestart|p2: Ziddy FFIX|Reflect
|move|p1a: Skeledirge|Torch Song|p2a: Grimmsnarl
|-damage|p2a: Grimmsnarl|40/100
|-boost|p1a: Skeledirge|spa|1
|
|-end|p1a: Skeledirge|move: Taunt
|upkeep
|turn|9
|
|t:|1685998073
|move|p2a: Grimmsnarl|Taunt|p1a: Skeledirge
|-start|p1a: Skeledirge|move: Taunt
|move|p1a: Skeledirge|Torch Song|p2a: Grimmsnarl
|-damage|p2a: Grimmsnarl|11/100
|-boost|p1a: Skeledirge|spa|1
|
|upkeep
|turn|10
|
|t:|1685998075
|move|p2a: Grimmsnarl|Parting Shot|p1a: Skeledirge
|-unboost|p1a: Skeledirge|atk|1
|-unboost|p1a: Skeledirge|spa|1
|
|t:|1685998080
|switch|p2a: Rillaboom|Rillaboom, M|100/100|[from] Parting Shot
|-fieldstart|move: Grassy Terrain|[from] ability: Grassy Surge|[of] p2a: Rillaboom
|move|p1a: Skeledirge|Torch Song|p2a: Rillaboom
|-supereffective|p2a: Rillaboom
|-damage|p2a: Rillaboom|0 fnt
|-boost|p1a: Skeledirge|spa|1
|faint|p2a: Rillaboom
|
|-heal|p1a: Skeledirge|100/100|[from] Grassy Terrain
|upkeep
|
|t:|1685998086
|switch|p2a: Sneasler|Sneasler, F|100/100
|-enditem|p2a: Sneasler|Grassy Seed
|-boost|p2a: Sneasler|def|1|[from] item: Grassy Seed
|turn|11
|
|t:|1685998088
|move|p2a: Sneasler|Swords Dance|p2a: Sneasler
|-boost|p2a: Sneasler|atk|2
|move|p1a: Skeledirge|Earth Power|p2a: Sneasler
|-supereffective|p2a: Sneasler
|-damage|p2a: Sneasler|7/100
|
|-heal|p2a: Sneasler|13/100|[from] Grassy Terrain
|-end|p1a: Skeledirge|move: Taunt
|upkeep
|turn|12
|
|t:|1685998092
|move|p2a: Sneasler|Dire Claw|p1a: Skeledirge
|-supereffective|p1a: Skeledirge
|-damage|p1a: Skeledirge|17/100
|move|p1a: Skeledirge|Torch Song|p2a: Sneasler
|-damage|p2a: Sneasler|0 fnt
|-boost|p1a: Skeledirge|spa|1
|faint|p2a: Sneasler
|
|-heal|p1a: Skeledirge|23/100|[from] Grassy Terrain
|upkeep
|-message|Ziddy FFIX forfeited.
|
|win|Ryu nuzlocke
|raw|Ryu nuzlocke's rating: 1221 → 1252(+31 for winning)
|raw|Ziddy FFIX's rating: 1303 → 1278(-25 for losing)
|l|☆Ziddy FFIX
