|j|☆Saltium_Z
|j|☆SlitheringWings
|t:|1686013510
|gametype|singles
|player|p1|Saltium_Z|2|
|player|p2|SlitheringWings|nate|
|teamsize|p1|6
|teamsize|p2|6
|gen|9
|tier|[Gen 9] OU
|rule|Sleep Clause Mod: Limit one foe put to sleep
|rule|Species Clause: Limit one of each Pokémon
|rule|OHKO Clause: OHKO moves are banned
|rule|Evasion Items Clause: Evasion items are banned
|rule|Evasion Moves Clause: Evasion moves are banned
|rule|Endless Battle Clause: Forcing endless battles is banned
|rule|HP Percentage Mod: HP is shown in percentages
|clearpoke
|poke|p1|Pelipper, M|
|poke|p1|Overqwil, M|
|poke|p1|Basculegion, M|
|poke|p1|Urshifu-*, M|
|poke|p1|Volcanion|
|poke|p1|Samurott-Hisui, F|
|poke|p2|Great Tusk|
|poke|p2|Corviknight, F|
|poke|p2|Typhlosion-Hisui, M|
|poke|p2|Rotom-Wash|
|poke|p2|Diancie|
|poke|p2|Dragapult, F|
|teampreview
|
|t:|1686013520
|start
|switch|p1a: Pelipper|Pelipper, M, shiny|100/100
|switch|p2a: Rotom|Rotom-Wash|100/100
|-weather|RainDance|[from] ability: Drizzle|[of] p1a: Pelipper
|turn|1
|
|t:|1686013524
|move|p2a: Rotom|Volt Switch|p1a: Pelipper
|-supereffective|p1a: Pelipper
|-damage|p1a: Pelipper|0 fnt
|faint|p1a: Pelipper
|
|t:|1686013546
|switch|p2a: Dragapult|Dragapult, F|100/100|[from] Volt Switch
|
|-weather|RainDance|[upkeep]
|upkeep
|
|t:|1686013554
|switch|p1a: Basculegion|Basculegion, M, shiny|100/100
|turn|2
|
|t:|1686013576
|switch|p2a: Rotom|Rotom-Wash|100/100
|-terastallize|p1a: Basculegion|Water
|move|p1a: Basculegion|Wave Crash|p2a: Rotom
|-resisted|p2a: Rotom
|-damage|p2a: Rotom|0 fnt
|faint|p2a: Rotom
|-damage|p1a: Basculegion|74/100|[from] Recoil
|
|-weather|RainDance|[upkeep]
|upkeep
|
|t:|1686013583
|switch|p2a: Typhlosion|Typhlosion-Hisui, M|100/100
|turn|3
|
|t:|1686013585
|move|p1a: Basculegion|Wave Crash|p2a: Typhlosion
|-supereffective|p2a: Typhlosion
|-damage|p2a: Typhlosion|0 fnt
|faint|p2a: Typhlosion
|-damage|p1a: Basculegion|49/100|[from] Recoil
|
|-weather|RainDance|[upkeep]
|upkeep
|
|t:|1686013589
|switch|p2a: Dragapult|Dragapult, F|100/100
|turn|4
|
|t:|1686013590
|move|p1a: Basculegion|Wave Crash|p2a: Dragapult
|-resisted|p2a: Dragapult
|-damage|p2a: Dragapult|0 fnt
|faint|p2a: Dragapult
|-damage|p1a: Basculegion|22/100|[from] Recoil
|
|-weather|RainDance|[upkeep]
|upkeep
|
|t:|1686013593
|switch|p2a: Diancie|Diancie, shiny|100/100
|turn|5
|
|t:|1686013596
|move|p1a: Basculegion|Wave Crash|p2a: Diancie
|-supereffective|p2a: Diancie
|-damage|p2a: Diancie|0 fnt
|faint|p2a: Diancie
|-damage|p1a: Basculegion|0 fnt|[from] Recoil
|faint|p1a: Basculegion
|
|-weather|RainDance|[upkeep]
|upkeep
|
|t:|1686013608
|switch|p1a: Overqwil|Overqwil, M, shiny|100/100
|switch|p2a: Corviknight|Corviknight, F|100/100
|-ability|p2a: Corviknight|Pressure
|turn|6
|
|t:|1686013612
|move|p1a: Overqwil|Swords Dance|p1a: Overqwil
|-boost|p1a: Overqwil|atk|2
|move|p2a: Corviknight|Brave Bird|p1a: Overqwil
|-damage|p1a: Overqwil|62/100
|-damage|p2a: Corviknight|90/100|[from] Recoil
|
|-weather|RainDance|[upkeep]
|-heal|p2a: Corviknight|97/100|[from] item: Leftovers
|upkeep
|turn|7
|
|t:|1686013616
|move|p1a: Overqwil|Swords Dance|p1a: Overqwil
|-boost|p1a: Overqwil|atk|2
|move|p2a: Corviknight|Brave Bird|p1a: Overqwil
|-damage|p1a: Overqwil|16/100
|-damage|p2a: Corviknight|85/100|[from] Recoil
|
|-weather|RainDance|[upkeep]
|-heal|p2a: Corviknight|91/100|[from] item: Leftovers
|upkeep
|turn|8
|
|t:|1686013619
|move|p1a: Overqwil|Liquidation|p2a: Corviknight
|-damage|p2a: Corviknight|0 fnt
|faint|p2a: Corviknight
|-damage|p1a: Overqwil|6/100|[from] item: Life Orb
|
|-weather|none
|upkeep
|
|t:|1686013624
|switch|p2a: Great Tusk|Great Tusk|100/100
|turn|9
|
|t:|1686013631
|move|p2a: Great Tusk|Knock Off|p1a: Overqwil
|-resisted|p1a: Overqwil
|-damage|p1a: Overqwil|0 fnt
|-enditem|p1a: Overqwil|Life Orb|[from] move: Knock Off|[of] p2a: Great Tusk
|faint|p1a: Overqwil
|
|upkeep
|
|t:|1686013641
|switch|p1a: Urshifu|Urshifu-Rapid-Strike, M|100/100
|turn|10
|
|t:|1686013644
|-terastallize|p2a: Great Tusk|Fighting
|move|p1a: Urshifu|Surging Strikes|p2a: Great Tusk
|-crit|p2a: Great Tusk
|-damage|p2a: Great Tusk|78/100
|-crit|p2a: Great Tusk
|-damage|p2a: Great Tusk|58/100
|-crit|p2a: Great Tusk
|-damage|p2a: Great Tusk|38/100
|-hitcount|p2a: Great Tusk|3
|move|p2a: Great Tusk|Headlong Rush|p1a: Urshifu
|-damage|p1a: Urshifu|39/100
|-unboost|p2a: Great Tusk|def|1
|-unboost|p2a: Great Tusk|spd|1
|
|upkeep
|turn|11
|
|t:|1686013654
|move|p1a: Urshifu|Surging Strikes|p2a: Great Tusk
|-crit|p2a: Great Tusk
|-damage|p2a: Great Tusk|3/100
|-crit|p2a: Great Tusk
|-damage|p2a: Great Tusk|0 fnt
|faint|p2a: Great Tusk
|-end|p2a: Great Tusk|Protosynthesis|[silent]
|-hitcount|p2: Great Tusk|2
|
|win|Saltium_Z
|l|☆SlitheringWings
