|j|☆KillerTreadway
|j|☆Shammoo Shaman
|t:|1686003654
|gametype|singles
|player|p1|KillerTreadway|palmer|
|player|p2|Shammoo Shaman|102|
|teamsize|p1|6
|teamsize|p2|6
|gen|9
|tier|[Gen 9] OU
|rule|Sleep Clause Mod: Limit one foe put to sleep
|rule|Species Clause: Limit one of each Pokémon
|rule|OHKO Clause: OHKO moves are banned
|rule|Evasion Items Clause: Evasion items are banned
|rule|Evasion Moves Clause: Evasion moves are banned
|rule|Endless Battle Clause: Forcing endless battles is banned
|rule|HP Percentage Mod: HP is shown in percentages
|clearpoke
|poke|p1|Moltres|
|poke|p1|Dragonite, M|
|poke|p1|Ditto|
|poke|p1|Garchomp, M|
|poke|p1|Goodra, M|
|poke|p1|Greninja, M|
|poke|p2|Slowking-Galar, F|
|poke|p2|Rillaboom, F|
|poke|p2|Quagsire, F|
|poke|p2|Iron Moth|
|poke|p2|Noivern, F|
|poke|p2|Kleavor, M|
|teampreview
|j| Britzler
|
|t:|1686003667
|start
|switch|p1a: Dragonite|Dragonite, M|100/100
|switch|p2a: Kleavor|Kleavor, M|100/100
|turn|1
|
|t:|1686003676
|move|p2a: Kleavor|U-turn|p1a: Dragonite
|-resisted|p1a: Dragonite
|-damage|p1a: Dragonite|90/100
|
|t:|1686003686
|switch|p2a: Quagsire|Quagsire, F|100/100|[from] U-turn
|move|p1a: Dragonite|Fire Blast|p2a: Quagsire
|-resisted|p2a: Quagsire
|-damage|p2a: Quagsire|80/100
|
|-heal|p2a: Quagsire|87/100|[from] item: Leftovers
|upkeep
|turn|2
|
|t:|1686003696
|move|p1a: Dragonite|Outrage|p2a: Quagsire
|-damage|p2a: Quagsire|36/100
|move|p2a: Quagsire|Toxic|p1a: Dragonite
|-status|p1a: Dragonite|tox
|
|-heal|p2a: Quagsire|42/100|[from] item: Leftovers
|-damage|p1a: Dragonite|84/100 tox|[from] psn
|upkeep
|turn|3
|c|☆Shammoo Shaman|I shoulda brought dachsbun lol
|
|t:|1686003728
|switch|p2a: Rillaboom|Rillaboom, F|100/100
|-fieldstart|move: Grassy Terrain|[from] ability: Grassy Surge|[of] p2a: Rillaboom
|-enditem|p2a: Rillaboom|Grassy Seed
|-boost|p2a: Rillaboom|def|1|[from] item: Grassy Seed
|move|p1a: Dragonite|Outrage|p2a: Rillaboom|[from]lockedmove
|-damage|p2a: Rillaboom|47/100
|-start|p1a: Dragonite|confusion|[fatigue]
|
|-heal|p2a: Rillaboom|53/100|[from] Grassy Terrain
|-damage|p1a: Dragonite|71/100 tox|[from] psn
|upkeep
|turn|4
|
|t:|1686003742
|move|p2a: Rillaboom|Bulk Up|p2a: Rillaboom
|-boost|p2a: Rillaboom|atk|1
|-boost|p2a: Rillaboom|def|1
|-activate|p1a: Dragonite|confusion
|-damage|p1a: Dragonite|56/100 tox|[from] confusion
|
|-heal|p2a: Rillaboom|59/100|[from] Grassy Terrain
|-damage|p1a: Dragonite|37/100 tox|[from] psn
|upkeep
|turn|5
|
|t:|1686003752
|move|p2a: Rillaboom|Knock Off|p1a: Dragonite
|-damage|p1a: Dragonite|0 fnt
|-enditem|p1a: Dragonite|Dragon Fang|[from] move: Knock Off|[of] p2a: Rillaboom
|faint|p1a: Dragonite
|
|-heal|p2a: Rillaboom|65/100|[from] Grassy Terrain
|upkeep
|
|t:|1686003763
|switch|p1a: Goodra|Goodra, M|100/100
|turn|6
|
|t:|1686003767
|move|p2a: Rillaboom|Knock Off|p1a: Goodra
|-damage|p1a: Goodra|25/100
|-enditem|p1a: Goodra|Focus Sash|[from] move: Knock Off|[of] p2a: Rillaboom
|move|p1a: Goodra|Fire Blast|p2a: Rillaboom
|-supereffective|p2a: Rillaboom
|-damage|p2a: Rillaboom|0 fnt
|faint|p2a: Rillaboom
|
|-heal|p1a: Goodra|31/100|[from] Grassy Terrain
|upkeep
|
|t:|1686003787
|switch|p2a: Kleavor|Kleavor, M|100/100
|turn|7
|
|t:|1686003811
|move|p2a: Kleavor|Stone Axe|p1a: Goodra
|-damage|p1a: Goodra|0 fnt
|-sidestart|p1: KillerTreadway|move: Stealth Rock
|faint|p1a: Goodra
|
|-fieldend|move: Grassy Terrain
|upkeep
|
|t:|1686003818
|switch|p1a: Moltres|Moltres|100/100
|-damage|p1a: Moltres|51/100|[from] Stealth Rock
|turn|8
|
|t:|1686003832
|move|p2a: Kleavor|Stone Axe|p1a: Moltres
|-supereffective|p1a: Moltres
|-damage|p1a: Moltres|0 fnt
|faint|p1a: Moltres
|
|upkeep
|
|t:|1686003840
|switch|p1a: Ditto|Ditto, shiny|100/100
|-damage|p1a: Ditto|88/100|[from] Stealth Rock
|turn|9
|
|t:|1686003856
|move|p2a: Kleavor|Stone Axe|p1a: Ditto
|-damage|p1a: Ditto|0 fnt
|faint|p1a: Ditto
|
|upkeep
|
|t:|1686003860
|switch|p1a: Greninja|Greninja, M|100/100
|-damage|p1a: Greninja|88/100|[from] Stealth Rock
|turn|10
|
|t:|1686003872
|move|p2a: Kleavor|Stone Axe|p1a: Greninja
|-damage|p1a: Greninja|0 fnt
|faint|p1a: Greninja
|
|upkeep
|
|t:|1686003875
|switch|p1a: Garchomp|Garchomp, M, shiny|100/100
|-damage|p1a: Garchomp|94/100|[from] Stealth Rock
|turn|11
|
|t:|1686003883
|switch|p2a: Noivern|Noivern, F|100/100
|-item|p1a: Garchomp|Dragon Fang|[from] ability: Frisk|[of] p2a: Noivern|[identify]
|move|p1a: Garchomp|Outrage|p2a: Noivern
|-supereffective|p2a: Noivern
|-damage|p2a: Noivern|0 fnt
|faint|p2a: Noivern
|
|upkeep
|
|t:|1686003896
|switch|p2a: Kleavor|Kleavor, M|100/100
|turn|12
|
|t:|1686003903
|-terastallize|p2a: Kleavor|Ice
|move|p2a: Kleavor|Tera Blast|p1a: Garchomp
|-supereffective|p1a: Garchomp
|-crit|p1a: Garchomp
|-damage|p1a: Garchomp|0 fnt
|faint|p1a: Garchomp
|
|win|Shammoo Shaman
|c|☆Shammoo Shaman|gg
|c|☆KillerTreadway|gg
|l|☆KillerTreadway
