|j|☆Darth33
|j|☆LiRip
|t:|1686001014
|gametype|singles
|player|p1|Darth33|depotagent|
|player|p2|LiRip|102|
|teamsize|p1|6
|teamsize|p2|6
|gen|9
|tier|[Gen 9] OU
|rule|Sleep Clause Mod: Limit one foe put to sleep
|rule|Species Clause: Limit one of each Pokémon
|rule|OHKO Clause: OHKO moves are banned
|rule|Evasion Items Clause: Evasion items are banned
|rule|Evasion Moves Clause: Evasion moves are banned
|rule|Endless Battle Clause: Forcing endless battles is banned
|rule|HP Percentage Mod: HP is shown in percentages
|clearpoke
|poke|p1|Toedscruel, F|
|poke|p1|Garganacl, F|
|poke|p1|Gholdengo|
|poke|p1|Rotom-Wash|
|poke|p1|Volcarona, F|
|poke|p1|Iron Valiant|
|poke|p2|Overqwil, F|
|poke|p2|Braviary-Hisui, M|
|poke|p2|Samurott-Hisui, M|
|poke|p2|Arcanine-Hisui, F|
|poke|p2|Decidueye-Hisui, F|
|poke|p2|Regidrago|
|teampreview
|
|t:|1686001027
|start
|switch|p1a: Rotom|Rotom-Wash|100/100
|switch|p2a: Arcanine|Arcanine-Hisui, F, shiny|100/100
|turn|1
|
|t:|1686001038
|switch|p2a: Overqwil|Overqwil, F, shiny|100/100
|move|p1a: Rotom|Hydro Pump|p2a: Overqwil
|-damage|p2a: Overqwil|42/100
|-enditem|p2a: Overqwil|Red Card|[of] p1a: Rotom
|drag|p1a: Gholdengo|Gholdengo|100/100
|-item|p1a: Gholdengo|Air Balloon
|
|upkeep
|turn|2
|
|t:|1686001061
|switch|p1a: Toedscruel|Toedscruel, F, shiny|100/100
|move|p2a: Overqwil|Crunch|p1a: Toedscruel
|-damage|p1a: Toedscruel|49/100
|
|upkeep
|turn|3
|
|t:|1686001078
|switch|p1a: Rotom|Rotom-Wash|100/100
|move|p2a: Overqwil|Crunch|p1a: Rotom
|-damage|p1a: Rotom|70/100
|
|-heal|p1a: Rotom|76/100|[from] item: Leftovers
|upkeep
|turn|4
|
|t:|1686001082
|move|p2a: Overqwil|Toxic|p1a: Rotom
|-status|p1a: Rotom|tox
|move|p1a: Rotom|Will-O-Wisp|p2a: Overqwil|[miss]
|-miss|p1a: Rotom|p2a: Overqwil
|
|-heal|p1a: Rotom|82/100 tox|[from] item: Leftovers
|-damage|p1a: Rotom|76/100 tox|[from] psn
|upkeep
|turn|5
|
|t:|1686001090
|move|p2a: Overqwil|Barb Barrage|p1a: Rotom
|-damage|p1a: Rotom|34/100 tox
|move|p1a: Rotom|Hydro Pump|p2a: Overqwil
|-damage|p2a: Overqwil|0 fnt
|faint|p2a: Overqwil
|
|-heal|p1a: Rotom|41/100 tox|[from] item: Leftovers
|-damage|p1a: Rotom|28/100 tox|[from] psn
|upkeep
|j| qtfofs_
|c|☆Darth33|Glhf
|
|t:|1686001114
|switch|p2a: Arcanine|Arcanine-Hisui, F, shiny|100/100
|turn|6
|c|☆Darth33|Sorry late lel
|
|t:|1686001123
|-terastallize|p2a: Arcanine|Fire
|move|p2a: Arcanine|Flare Blitz|p1a: Rotom
|-resisted|p1a: Rotom
|-damage|p1a: Rotom|0 fnt
|faint|p1a: Rotom
|
|upkeep
|
|t:|1686001130
|switch|p1a: Garganacl|Garganacl, F|100/100
|turn|7
|
|t:|1686001135
|switch|p2a: Samurott|Samurott-Hisui, M, shiny|100/100
|move|p1a: Garganacl|Salt Cure|p2a: Samurott
|-damage|p2a: Samurott|84/100
|-start|p2a: Samurott|Salt Cure
|
|-damage|p2a: Samurott|59/100|[from] Salt Cure
|upkeep
|turn|8
|
|t:|1686001139
|move|p2a: Samurott|Aqua Cutter|p1a: Garganacl
|-supereffective|p1a: Garganacl
|-crit|p1a: Garganacl
|-damage|p1a: Garganacl|0 fnt
|faint|p1a: Garganacl
|-damage|p2a: Samurott|49/100|[from] item: Life Orb
|
|-damage|p2a: Samurott|24/100|[from] Salt Cure
|upkeep
|
|t:|1686001146
|switch|p1a: Toedscruel|Toedscruel, F, shiny|49/100
|turn|9
|
|t:|1686001149
|move|p2a: Samurott|Aqua Jet|p1a: Toedscruel
|-damage|p1a: Toedscruel|17/100
|-damage|p2a: Samurott|14/100|[from] item: Life Orb
|move|p1a: Toedscruel|Giga Drain|p2a: Samurott
|-supereffective|p2a: Samurott
|-damage|p2a: Samurott|0 fnt
|-heal|p1a: Toedscruel|23/100|[from] drain|[of] p2a: Samurott
|faint|p2a: Samurott
|
|upkeep
|
|t:|1686001155
|switch|p2a: Braviary|Braviary-Hisui, M, shiny|100/100
|turn|10
|
|t:|1686001161
|move|p2a: Braviary|Agility|p2a: Braviary
|-boost|p2a: Braviary|spe|2
|move|p1a: Toedscruel|Spikes|p2a: Braviary
|-sidestart|p2: LiRip|Spikes
|
|upkeep
|turn|11
|
|t:|1686001164
|move|p2a: Braviary|Esper Wing|p1a: Toedscruel
|-damage|p1a: Toedscruel|0 fnt
|-boost|p2a: Braviary|spe|1
|faint|p1a: Toedscruel
|
|upkeep
|c| qtfofs_|braviary go brrr
|
|t:|1686001170
|switch|p1a: Volcarona|Volcarona, F|100/100
|turn|12
|
|t:|1686001174
|-terastallize|p1a: Volcarona|Fairy
|move|p2a: Braviary|Air Slash|p1a: Volcarona|[miss]
|-miss|p2a: Braviary|p1a: Volcarona
|move|p1a: Volcarona|Quiver Dance|p1a: Volcarona
|-boost|p1a: Volcarona|spa|1
|-boost|p1a: Volcarona|spd|1
|-boost|p1a: Volcarona|spe|1
|
|upkeep
|turn|13
|
|t:|1686001178
|move|p2a: Braviary|Esper Wing|p1a: Volcarona
|-damage|p1a: Volcarona|76/100
|-boost|p2a: Braviary|spe|1
|move|p1a: Volcarona|Quiver Dance|p1a: Volcarona
|-boost|p1a: Volcarona|spa|1
|-boost|p1a: Volcarona|spd|1
|-boost|p1a: Volcarona|spe|1
|
|upkeep
|turn|14
|
|t:|1686001184
|move|p2a: Braviary|Air Slash|p1a: Volcarona|[miss]
|-miss|p2a: Braviary|p1a: Volcarona
|move|p1a: Volcarona|Quiver Dance|p1a: Volcarona
|-boost|p1a: Volcarona|spa|1
|-boost|p1a: Volcarona|spd|1
|-boost|p1a: Volcarona|spe|1
|
|upkeep
|turn|15
|
|t:|1686001190
|move|p2a: Braviary|Air Slash|p1a: Volcarona
|-damage|p1a: Volcarona|61/100
|move|p1a: Volcarona|Quiver Dance|p1a: Volcarona
|-boost|p1a: Volcarona|spa|1
|-boost|p1a: Volcarona|spd|1
|-boost|p1a: Volcarona|spe|1
|
|upkeep
|turn|16
|c| qtfofs_|no cm is crazy though
|c|☆LiRip|Ggs
|
|t:|1686001199
|move|p1a: Volcarona|Morning Sun|p1a: Volcarona
|-heal|p1a: Volcarona|100/100
|move|p2a: Braviary|Air Slash|p1a: Volcarona
|-damage|p1a: Volcarona|89/100
|
|upkeep
|turn|17
|
|t:|1686001205
|move|p1a: Volcarona|Fiery Dance|p2a: Braviary
|-damage|p2a: Braviary|0 fnt
|faint|p2a: Braviary
|
|upkeep
|
|t:|1686001212
|switch|p2a: Arcanine|Arcanine-Hisui, F, shiny, tera:Fire|100/100
|-damage|p2a: Arcanine|88/100|[from] Spikes
|turn|18
|
|t:|1686001215
|move|p1a: Volcarona|Fiery Dance|p2a: Arcanine
|-resisted|p2a: Arcanine
|-damage|p2a: Arcanine|17/100
|-boost|p1a: Volcarona|spa|1
|move|p2a: Arcanine|Head Smash|p1a: Volcarona
|-damage|p1a: Volcarona|30/100
|
|upkeep
|turn|19
|
|t:|1686001219
|move|p1a: Volcarona|Fiery Dance|p2a: Arcanine
|-resisted|p2a: Arcanine
|-damage|p2a: Arcanine|0 fnt
|-boost|p1a: Volcarona|spa|1
|faint|p2a: Arcanine
|
|upkeep
|
|t:|1686001224
|switch|p2a: Decidueye|Decidueye-Hisui, F, shiny|100/100
|-damage|p2a: Decidueye|88/100|[from] Spikes
|turn|20
|
|t:|1686001230
|move|p1a: Volcarona|Fiery Dance|p2a: Decidueye
|-supereffective|p2a: Decidueye
|-damage|p2a: Decidueye|0 fnt
|faint|p2a: Decidueye
|
|upkeep
|
|t:|1686001232
|switch|p2a: Regidrago|Regidrago, shiny|100/100
|-damage|p2a: Regidrago|88/100|[from] Spikes
|turn|21
|
|t:|1686001238
|move|p1a: Volcarona|Fiery Dance|p2a: Regidrago
|-resisted|p2a: Regidrago
|-damage|p2a: Regidrago|6/100
|move|p2a: Regidrago|Earthquake|p1a: Volcarona
|-damage|p1a: Volcarona|3/100
|
|upkeep
|turn|22
|c| qtfofs_|could've flare blitz thered btw
|
|t:|1686001246
|move|p1a: Volcarona|Fiery Dance|p2a: Regidrago
|-resisted|p2a: Regidrago
|-damage|p2a: Regidrago|0 fnt
|faint|p2a: Regidrago
|
|win|Darth33
|c| qtfofs_|there*
|c|☆LiRip|I realized too soon
|c|☆LiRip|Ggs
|l| qtfofs_
|c|☆Darth33|Ggs
|l|☆LiRip
