|j|☆mr.hamdi
|j|☆a literal Jacket
|t:|1686013546
|gametype|singles
|player|p1|mr.hamdi|ghetsis|1000
|player|p2|a literal Jacket|lance|1024
|teamsize|p1|6
|teamsize|p2|6
|gen|9
|tier|[Gen 9] OU
|rated|
|rule|Sleep Clause Mod: Limit one foe put to sleep
|rule|Species Clause: Limit one of each Pokémon
|rule|OHKO Clause: OHKO moves are banned
|rule|Evasion Items Clause: Evasion items are banned
|rule|Evasion Moves Clause: Evasion moves are banned
|rule|Endless Battle Clause: Forcing endless battles is banned
|rule|HP Percentage Mod: HP is shown in percentages
|clearpoke
|poke|p1|Dragapult, M|
|poke|p1|Typhlosion-Hisui, M|
|poke|p1|Kricketune, M|
|poke|p1|Sawsbuck-Summer, F|
|poke|p1|Froslass, F|
|poke|p1|Kilowattrel, F|
|poke|p2|Landorus-Therian, M|
|poke|p2|Garchomp, M|
|poke|p2|Goodra-Hisui, F|
|poke|p2|Iron Valiant|
|poke|p2|Roaring Moon|
|poke|p2|Great Tusk|
|teampreview
|inactive|Battle timer is ON: inactive players will automatically lose when time's up. (requested by a literal Jacket)
|
|t:|1686013567
|start
|switch|p1a: Typhlosion|Typhlosion-Hisui, M|100/100
|switch|p2a: Landorus|Landorus-Therian, M|100/100
|-ability|p2a: Landorus|Intimidate|boost
|-unboost|p1a: Typhlosion|atk|1
|turn|1
|
|t:|1686013576
|-terastallize|p1a: Typhlosion|Fighting
|move|p1a: Typhlosion|Blast Burn|p2a: Landorus
|-damage|p2a: Landorus|26/100
|-mustrecharge|p1a: Typhlosion
|move|p2a: Landorus|Stealth Rock|p1a: Typhlosion
|-sidestart|p1: mr.hamdi|move: Stealth Rock
|
|-heal|p2a: Landorus|32/100|[from] item: Leftovers
|upkeep
|turn|2
|
|t:|1686013584
|cant|p1a: Typhlosion|recharge
|move|p2a: Landorus|Earthquake|p1a: Typhlosion
|-damage|p1a: Typhlosion|10/100
|-enditem|p1a: Typhlosion|Iapapa Berry|[eat]
|-heal|p1a: Typhlosion|43/100|[from] item: Iapapa Berry
|
|-heal|p2a: Landorus|38/100|[from] item: Leftovers
|upkeep
|turn|3
|
|t:|1686013595
|move|p1a: Typhlosion|Flamethrower|p2a: Landorus
|-damage|p2a: Landorus|0 fnt
|faint|p2a: Landorus
|
|upkeep
|
|t:|1686013615
|switch|p2a: Garchomp|Garchomp, M|100/100
|turn|4
|
|t:|1686013628
|switch|p1a: Froslass|Froslass, F|100/100
|-damage|p1a: Froslass|76/100|[from] Stealth Rock
|move|p2a: Garchomp|Earthquake|p1a: Froslass
|-damage|p1a: Froslass|0 fnt
|-start|p2a: Garchomp|Disable|Earthquake|[from] ability: Cursed Body|[of] p1a: Froslass
|faint|p1a: Froslass
|
|upkeep
|
|t:|1686013647
|switch|p1a: Dragapult|Dragapult, M|100/100
|-damage|p1a: Dragapult|88/100|[from] Stealth Rock
|turn|5
|
|t:|1686013657
|move|p1a: Dragapult|Dragon Rush|p2a: Garchomp
|-supereffective|p2a: Garchomp
|-damage|p2a: Garchomp|0 fnt
|-damage|p1a: Dragapult|76/100|[from] ability: Rough Skin|[of] p2a: Garchomp
|faint|p2a: Garchomp
|-damage|p1a: Dragapult|66/100|[from] item: Life Orb
|
|upkeep
|inactive|a literal Jacket has 120 seconds left.
|inactive|a literal Jacket has 90 seconds left.
|
|t:|1686013720
|switch|p2a: Iron Valiant|Iron Valiant|100/100
|-enditem|p2a: Iron Valiant|Booster Energy
|-activate|p2a: Iron Valiant|ability: Quark Drive|[fromitem]
|-start|p2a: Iron Valiant|quarkdrivespe
|turn|6
|c|☆mr.hamdi|hey are you alone
|inactive|a literal Jacket has 90 seconds left.
|
|t:|1686013733
|move|p2a: Iron Valiant|Close Combat|p1a: Dragapult
|-immune|p1a: Dragapult
|move|p1a: Dragapult|Psychic Fangs|p2a: Iron Valiant
|-supereffective|p2a: Iron Valiant
|-damage|p2a: Iron Valiant|12/100
|-damage|p1a: Dragapult|56/100|[from] item: Life Orb
|
|upkeep
|turn|7
|n|!a literal Jacket|aliteraljacket
|inactive|a literal Jacket has 90 seconds left.
|
|t:|1686013749
|move|p2a: Iron Valiant|Spirit Break|p1a: Dragapult
|-supereffective|p1a: Dragapult
|-damage|p1a: Dragapult|0 fnt
|faint|p1a: Dragapult
|
|upkeep
|
|t:|1686013756
|switch|p1a: Sawsbuck|Sawsbuck-Summer, F|100/100
|-damage|p1a: Sawsbuck|88/100|[from] Stealth Rock
|turn|8
|inactive|a literal Jacket has 90 seconds left.
|
|t:|1686013771
|move|p2a: Iron Valiant|Ice Punch|p1a: Sawsbuck
|-supereffective|p1a: Sawsbuck
|-damage|p1a: Sawsbuck|12/100
|-status|p1a: Sawsbuck|frz
|cant|p1a: Sawsbuck|frz
|
|upkeep
|turn|9
|
|t:|1686013780
|move|p2a: Iron Valiant|Ice Punch|p1a: Sawsbuck
|-supereffective|p1a: Sawsbuck
|-damage|p1a: Sawsbuck|0 fnt
|faint|p1a: Sawsbuck
|
|upkeep
|
|t:|1686013782
|switch|p1a: Kilowattrel|Kilowattrel, F|100/100
|-damage|p1a: Kilowattrel|76/100|[from] Stealth Rock
|turn|10
|inactive|a literal Jacket has 90 seconds left.
|
|t:|1686013806
|move|p2a: Iron Valiant|Spirit Break|p1a: Kilowattrel
|-damage|p1a: Kilowattrel|0 fnt
|faint|p1a: Kilowattrel
|
|upkeep
|
|t:|1686013810
|switch|p1a: Typhlosion|Typhlosion-Hisui, M, tera:Fighting|43/100
|-damage|p1a: Typhlosion|37/100|[from] Stealth Rock
|turn|11
|
|t:|1686013817
|move|p2a: Iron Valiant|Spirit Break|p1a: Typhlosion
|-supereffective|p1a: Typhlosion
|-damage|p1a: Typhlosion|0 fnt
|faint|p1a: Typhlosion
|
|upkeep
|
|t:|1686013819
|switch|p1a: Kricketune|Kricketune, M|100/100
|-damage|p1a: Kricketune|76/100|[from] Stealth Rock
|turn|12
|
|t:|1686013831
|move|p2a: Iron Valiant|Ice Punch|p1a: Kricketune
|-damage|p1a: Kricketune|26/100
|move|p1a: Kricketune|Bug Buzz|p2a: Iron Valiant
|-resisted|p2a: Iron Valiant
|-damage|p2a: Iron Valiant|0 fnt
|faint|p2a: Iron Valiant
|-end|p2a: Iron Valiant|Quark Drive|[silent]
|-damage|p1a: Kricketune|16/100|[from] item: Life Orb
|
|upkeep
|
|t:|1686013843
|switch|p2a: Roaring Moon|Roaring Moon|100/100
|turn|13
|
|t:|1686013848
|move|p2a: Roaring Moon|Dragon Claw|p1a: Kricketune
|-damage|p1a: Kricketune|0 fnt
|faint|p1a: Kricketune
|
|win|a literal Jacket
|raw|mr.hamdi's rating: 1000 → 1000(+0 for losing)
|raw|a literal Jacket's rating: 1024 → 1058(+34 for winning)
