|j|☆williamcostiganjr
|j|☆wrockstah
|t:|1684853655
|gametype|singles
|player|p1|williamcostiganjr|2|1958
|player|p2|wrockstah|burglar-gen2|1952
|teamsize|p1|6
|teamsize|p2|6
|gen|9
|tier|[Gen 9] OU
|rated|
|rule|Sleep Clause Mod: Limit one foe put to sleep
|rule|Species Clause: Limit one of each Pokémon
|rule|OHKO Clause: OHKO moves are banned
|rule|Evasion Items Clause: Evasion items are banned
|rule|Evasion Moves Clause: Evasion moves are banned
|rule|Endless Battle Clause: Forcing endless battles is banned
|rule|HP Percentage Mod: HP is shown in percentages
|clearpoke
|poke|p1|Rotom-Wash|
|poke|p1|Garganacl, F|
|poke|p1|Scream Tail|
|poke|p1|Clodsire, M|
|poke|p1|Skeledirge, F|
|poke|p1|Corviknight, M|
|poke|p2|Baxcalibur, M|
|poke|p2|Hatterene, F|
|poke|p2|Gengar, M|
|poke|p2|Kingambit, F|
|poke|p2|Great Tusk|
|poke|p2|Ceruledge, F|
|teampreview
|c|☆wrockstah|hf
|j| one eye furry
|j| i am the eminence
|
|t:|1684853704
|start
|switch|p1a: Clodsire|Clodsire, M|100/100
|switch|p2a: Hatterene|Hatterene, F|100/100
|turn|1
|
|t:|1684853720
|switch|p2a: Great Tusk|Great Tusk|100/100
|switch|p1a: Garganacl|Garganacl, F|100/100
|
|upkeep
|turn|2
|j| winona.cc
|
|t:|1684853730
|switch|p1a: Corviknight|Corviknight, M|100/100
|-ability|p1a: Corviknight|Pressure
|move|p2a: Great Tusk|Knock Off|p1a: Corviknight
|-damage|p1a: Corviknight|83/100
|-damage|p2a: Great Tusk|84/100|[from] item: Rocky Helmet|[of] p1a: Corviknight
|-enditem|p1a: Corviknight|Rocky Helmet|[from] move: Knock Off|[of] p2a: Great Tusk
|
|upkeep
|turn|3
|
|t:|1684853739
|move|p2a: Great Tusk|Stealth Rock|p1a: Corviknight
|-sidestart|p1: williamcostiganjr|move: Stealth Rock
|move|p1a: Corviknight|U-turn|p2a: Great Tusk
|-resisted|p2a: Great Tusk
|-damage|p2a: Great Tusk|81/100
|-damage|p1a: Corviknight|67/100|[from] item: Rocky Helmet|[of] p2a: Great Tusk
|
|t:|1684853750
|switch|p1a: Rotom|Rotom-Wash|100/100|[from] U-turn
|-damage|p1a: Rotom|88/100|[from] Stealth Rock
|
|-heal|p1a: Rotom|94/100|[from] item: Leftovers
|upkeep
|turn|4
|
|t:|1684853757
|-end|p2a: Great Tusk|Protosynthesis|[silent]
|switch|p2a: Baxcalibur|Baxcalibur, M|100/100
|move|p1a: Rotom|Substitute|p1a: Rotom
|-start|p1a: Rotom|Substitute
|-damage|p1a: Rotom|69/100
|
|-heal|p1a: Rotom|75/100|[from] item: Leftovers
|upkeep
|turn|5
|
|t:|1684853762
|move|p2a: Baxcalibur|Icicle Crash|p1a: Rotom
|-resisted|p1a: Rotom
|-end|p1a: Rotom|Substitute
|move|p1a: Rotom|Discharge|p2a: Baxcalibur
|-resisted|p2a: Baxcalibur
|-damage|p2a: Baxcalibur|86/100
|-status|p2a: Baxcalibur|par
|
|-heal|p1a: Rotom|81/100|[from] item: Leftovers
|upkeep
|turn|6
|
|t:|1684853771
|switch|p1a: Skeledirge|Skeledirge, F|100/100
|move|p2a: Baxcalibur|Swords Dance|p2a: Baxcalibur
|-boost|p2a: Baxcalibur|atk|2
|
|upkeep
|turn|7
|
|t:|1684853780
|move|p1a: Skeledirge|Hex|p2a: Baxcalibur
|-damage|p2a: Baxcalibur|39/100 par
|cant|p2a: Baxcalibur|par
|
|upkeep
|turn|8
|
|t:|1684853817
|switch|p2a: Great Tusk|Great Tusk|81/100
|move|p1a: Skeledirge|Hex|p2a: Great Tusk
|-damage|p2a: Great Tusk|47/100
|
|upkeep
|turn|9
|
|t:|1684853832
|switch|p1a: Corviknight|Corviknight, M|67/100
|-damage|p1a: Corviknight|55/100|[from] Stealth Rock
|-ability|p1a: Corviknight|Pressure
|move|p2a: Great Tusk|Knock Off|p1a: Corviknight
|-damage|p1a: Corviknight|43/100
|
|upkeep
|turn|10
|
|t:|1684853841
|-end|p2a: Great Tusk|Protosynthesis|[silent]
|switch|p2a: Hatterene|Hatterene, F|100/100
|move|p1a: Corviknight|Roost|p1a: Corviknight
|-heal|p1a: Corviknight|93/100
|-singleturn|p1a: Corviknight|move: Roost
|
|upkeep
|turn|11
|
|t:|1684853849
|move|p1a: Corviknight|U-turn|p2a: Hatterene
|-damage|p2a: Hatterene|87/100
|
|t:|1684853850
|switch|p1a: Garganacl|Garganacl, F|100/100|[from] U-turn
|-damage|p1a: Garganacl|88/100|[from] Stealth Rock
|move|p2a: Hatterene|Nuzzle|p1a: Garganacl
|-damage|p1a: Garganacl|85/100
|
|-heal|p2a: Hatterene|93/100|[from] item: Leftovers
|-heal|p1a: Garganacl|92/100|[from] item: Leftovers
|upkeep
|turn|12
|
|t:|1684853864
|move|p2a: Hatterene|Calm Mind|p2a: Hatterene
|-boost|p2a: Hatterene|spa|1
|-boost|p2a: Hatterene|spd|1
|move|p1a: Garganacl|Salt Cure|p2a: Hatterene
|-damage|p2a: Hatterene|78/100
|-start|p2a: Hatterene|Salt Cure
|
|-heal|p2a: Hatterene|84/100|[from] item: Leftovers
|-heal|p1a: Garganacl|98/100|[from] item: Leftovers
|-damage|p2a: Hatterene|72/100|[from] Salt Cure
|upkeep
|turn|13
|
|t:|1684853886
|move|p2a: Hatterene|Draining Kiss|p1a: Garganacl
|-damage|p1a: Garganacl|71/100
|-heal|p2a: Hatterene|98/100|[from] drain|[of] p1a: Garganacl
|move|p1a: Garganacl|Curse|p1a: Garganacl
|-unboost|p1a: Garganacl|spe|1
|-boost|p1a: Garganacl|atk|1
|-boost|p1a: Garganacl|def|1
|
|-heal|p2a: Hatterene|100/100|[from] item: Leftovers
|-heal|p1a: Garganacl|77/100|[from] item: Leftovers
|-damage|p2a: Hatterene|88/100|[from] Salt Cure
|upkeep
|turn|14
|
|t:|1684853891
|move|p2a: Hatterene|Calm Mind|p2a: Hatterene
|-boost|p2a: Hatterene|spa|1
|-boost|p2a: Hatterene|spd|1
|move|p1a: Garganacl|Recover|p1a: Garganacl
|-heal|p1a: Garganacl|100/100
|
|-heal|p2a: Hatterene|94/100|[from] item: Leftovers
|-damage|p2a: Hatterene|82/100|[from] Salt Cure
|upkeep
|turn|15
|
|t:|1684853902
|switch|p1a: Skeledirge|Skeledirge, F|100/100
|move|p2a: Hatterene|Stored Power|p1a: Skeledirge
|-damage|p1a: Skeledirge|68/100
|
|-heal|p2a: Hatterene|88/100|[from] item: Leftovers
|-damage|p2a: Hatterene|76/100|[from] Salt Cure
|upkeep
|turn|16
|
|t:|1684853933
|move|p1a: Skeledirge|Torch Song|p2a: Hatterene
|-damage|p2a: Hatterene|42/100
|-boost|p1a: Skeledirge|spa|1
|move|p2a: Hatterene|Nuzzle|p1a: Skeledirge
|-damage|p1a: Skeledirge|64/100
|-status|p1a: Skeledirge|par
|
|-heal|p2a: Hatterene|48/100|[from] item: Leftovers
|-damage|p2a: Hatterene|36/100|[from] Salt Cure
|upkeep
|turn|17
|
|t:|1684853949
|switch|p2a: Baxcalibur|Baxcalibur, M|39/100 par
|move|p1a: Skeledirge|Hex|p2a: Baxcalibur
|-damage|p2a: Baxcalibur|0 fnt
|faint|p2a: Baxcalibur
|
|upkeep
|
|t:|1684853957
|switch|p2a: Gengar|Gengar, M, shiny|100/100
|turn|18
|
|t:|1684853976
|switch|p1a: Garganacl|Garganacl, F|100/100
|-damage|p1a: Garganacl|88/100|[from] Stealth Rock
|move|p2a: Gengar|Shadow Ball|p1a: Garganacl
|-damage|p1a: Garganacl|72/100
|
|-heal|p1a: Garganacl|78/100|[from] item: Leftovers
|upkeep
|turn|19
|
|t:|1684853986
|switch|p1a: Clodsire|Clodsire, M|100/100
|move|p2a: Gengar|Focus Blast|p1a: Clodsire
|-resisted|p1a: Clodsire
|-damage|p1a: Clodsire|87/100
|
|upkeep
|turn|20
|
|t:|1684854004
|switch|p2a: Hatterene|Hatterene, F|36/100
|move|p1a: Clodsire|Earthquake|p2a: Hatterene
|-damage|p2a: Hatterene|13/100
|
|-heal|p2a: Hatterene|19/100|[from] item: Leftovers
|upkeep
|turn|21
|
|t:|1684854011
|switch|p1a: Skeledirge|Skeledirge, F|64/100 par
|move|p2a: Hatterene|Draining Kiss|p1a: Skeledirge
|-resisted|p1a: Skeledirge
|-damage|p1a: Skeledirge|56/100 par
|-heal|p2a: Hatterene|27/100|[from] drain|[of] p1a: Skeledirge
|
|-heal|p2a: Hatterene|33/100|[from] item: Leftovers
|upkeep
|turn|22
|
|t:|1684854061
|move|p2a: Hatterene|Draining Kiss|p1a: Skeledirge
|-resisted|p1a: Skeledirge
|-damage|p1a: Skeledirge|47/100 par
|-heal|p2a: Hatterene|42/100|[from] drain|[of] p1a: Skeledirge
|move|p1a: Skeledirge|Hex|p2a: Hatterene
|-supereffective|p2a: Hatterene
|-damage|p2a: Hatterene|0 fnt
|faint|p2a: Hatterene
|
|upkeep
|
|t:|1684854095
|switch|p2a: Kingambit|Kingambit, F|100/100
|-activate|p2a: Kingambit|ability: Supreme Overlord
|-start|p2a: Kingambit|fallen2|[silent]
|turn|23
|
|t:|1684854105
|move|p2a: Kingambit|Kowtow Cleave|p1a: Skeledirge
|-supereffective|p1a: Skeledirge
|-damage|p1a: Skeledirge|0 fnt
|faint|p1a: Skeledirge
|
|upkeep
|
|t:|1684854114
|switch|p1a: Garganacl|Garganacl, F|78/100
|-damage|p1a: Garganacl|66/100|[from] Stealth Rock
|turn|24
|
|t:|1684854160
|-terastallize|p1a: Garganacl|Water
|move|p2a: Kingambit|Swords Dance|p2a: Kingambit
|-boost|p2a: Kingambit|atk|2
|move|p1a: Garganacl|Salt Cure|p2a: Kingambit
|-resisted|p2a: Kingambit
|-damage|p2a: Kingambit|94/100
|-start|p2a: Kingambit|Salt Cure
|
|-heal|p2a: Kingambit|100/100|[from] item: Leftovers
|-heal|p1a: Garganacl|72/100|[from] item: Leftovers
|-damage|p2a: Kingambit|76/100|[from] Salt Cure
|upkeep
|turn|25
|
|t:|1684854170
|switch|p1a: Rotom|Rotom-Wash|81/100
|-damage|p1a: Rotom|69/100|[from] Stealth Rock
|move|p2a: Kingambit|Kowtow Cleave|p1a: Rotom
|-damage|p1a: Rotom|0 fnt
|faint|p1a: Rotom
|
|-heal|p2a: Kingambit|82/100|[from] item: Leftovers
|-damage|p2a: Kingambit|57/100|[from] Salt Cure
|upkeep
|
|t:|1684854172
|switch|p1a: Clodsire|Clodsire, M|87/100
|turn|26
|
|t:|1684854196
|-end|p2a: Kingambit|fallen2|[silent]
|switch|p2a: Great Tusk|Great Tusk|47/100
|move|p1a: Clodsire|Stealth Rock|p2a: Great Tusk
|-sidestart|p2: wrockstah|move: Stealth Rock
|
|upkeep
|turn|27
|
|t:|1684854200
|move|p2a: Great Tusk|Rapid Spin|p1a: Clodsire
|-damage|p1a: Clodsire|76/100
|-boost|p2a: Great Tusk|spe|1
|-sideend|p2: wrockstah|Stealth Rock|[from] move: Rapid Spin|[of] p2a: Great Tusk
|move|p1a: Clodsire|Toxic|p2a: Great Tusk
|-status|p2a: Great Tusk|tox
|
|-damage|p2a: Great Tusk|41/100 tox|[from] psn
|upkeep
|turn|28
|
|t:|1684854214
|-end|p2a: Great Tusk|Protosynthesis|[silent]
|switch|p2a: Ceruledge|Ceruledge, F|100/100
|switch|p1a: Corviknight|Corviknight, M|93/100
|-damage|p1a: Corviknight|81/100|[from] Stealth Rock
|-ability|p1a: Corviknight|Pressure
|
|upkeep
|turn|29
|j| soli935
|
|t:|1684854231
|switch|p1a: Garganacl|Garganacl, F, tera:Water|72/100
|-damage|p1a: Garganacl|60/100|[from] Stealth Rock
|move|p2a: Ceruledge|Swords Dance|p2a: Ceruledge
|-boost|p2a: Ceruledge|atk|2
|
|-heal|p1a: Garganacl|66/100|[from] item: Leftovers
|upkeep
|turn|30
|
|t:|1684854235
|switch|p1a: Scream Tail|Scream Tail|100/100
|-damage|p1a: Scream Tail|88/100|[from] Stealth Rock
|-terastallize|p2a: Ceruledge|Grass
|move|p2a: Ceruledge|Tera Blast|p1a: Scream Tail
|-damage|p1a: Scream Tail|22/100
|
|-heal|p1a: Scream Tail|28/100|[from] item: Leftovers
|upkeep
|turn|31
|
|t:|1684854242
|move|p2a: Ceruledge|Shadow Sneak|p1a: Scream Tail
|-supereffective|p1a: Scream Tail
|-damage|p1a: Scream Tail|0 fnt
|faint|p1a: Scream Tail
|-end|p1a: Scream Tail|Protosynthesis|[silent]
|
|upkeep
|
|t:|1684854244
|switch|p1a: Clodsire|Clodsire, M|76/100
|turn|32
|
|t:|1684854249
|move|p2a: Ceruledge|Bitter Blade|p1a: Clodsire
|-damage|p1a: Clodsire|35/100
|move|p1a: Clodsire|Toxic|p2a: Ceruledge
|-status|p2a: Ceruledge|tox
|
|-damage|p2a: Ceruledge|94/100 tox|[from] psn
|upkeep
|turn|33
|
|t:|1684854255
|move|p2a: Ceruledge|Bitter Blade|p1a: Clodsire
|-damage|p1a: Clodsire|0 fnt
|-heal|p2a: Ceruledge|100/100 tox|[from] drain|[of] p1a: Clodsire
|faint|p1a: Clodsire
|
|-damage|p2a: Ceruledge|88/100 tox|[from] psn
|upkeep
|l| winona.cc
|
|t:|1684854287
|switch|p1a: Garganacl|Garganacl, F, tera:Water|66/100
|-damage|p1a: Garganacl|54/100|[from] Stealth Rock
|turn|34
|
|t:|1684854292
|move|p2a: Ceruledge|Tera Blast|p1a: Garganacl
|-supereffective|p1a: Garganacl
|-damage|p1a: Garganacl|0 fnt
|faint|p1a: Garganacl
|
|-damage|p2a: Ceruledge|70/100 tox|[from] psn
|upkeep
|-message|williamcostiganjr forfeited.
|
|win|wrockstah
|raw|williamcostiganjr's rating: 1958 → 1938(-20 for losing)
|raw|wrockstah's rating: 1952 → 1972(+20 for winning)
|l|☆williamcostiganjr
|c|☆wrockstah|gg
