|j|☆erduashi
|j|☆Eatsleepjdm
|t:|1686001073
|gametype|singles
|player|p1|erduashi|raihan|1328
|player|p2|Eatsleepjdm|richboy-gen4|1323
|teamsize|p1|6
|teamsize|p2|6
|gen|9
|tier|[Gen 9] OU
|rated|
|rule|Sleep Clause Mod: Limit one foe put to sleep
|rule|Species Clause: Limit one of each Pokémon
|rule|OHKO Clause: OHKO moves are banned
|rule|Evasion Items Clause: Evasion items are banned
|rule|Evasion Moves Clause: Evasion moves are banned
|rule|Endless Battle Clause: Forcing endless battles is banned
|rule|HP Percentage Mod: HP is shown in percentages
|clearpoke
|poke|p1|Mew|
|poke|p1|Maushold|
|poke|p1|Mabosstiff, F|
|poke|p1|Moltres-Galar|
|poke|p1|Mismagius, F|
|poke|p1|Meowscarada, M|
|poke|p2|Electrode-Hisui|
|poke|p2|Cinderace, F|
|poke|p2|Great Tusk|
|poke|p2|Walking Wake|
|poke|p2|Zapdos-Galar|
|poke|p2|Slowking-Galar, F|
|teampreview
|
|t:|1686001112
|start
|switch|p1a: Maushold|Maushold|100/100
|switch|p2a: Electrode|Electrode-Hisui|100/100
|turn|1
|
|t:|1686001120
|move|p2a: Electrode|Volt Switch|p1a: Maushold
|-damage|p1a: Maushold|54/100
|inactive|Battle timer is ON: inactive players will automatically lose when time's up. (requested by erduashi)
|
|t:|1686001126
|switch|p2a: Great Tusk|Great Tusk|100/100|[from] Volt Switch
|move|p1a: Maushold|Tidy Up|p1a: Maushold
|-boost|p1a: Maushold|atk|1
|-boost|p1a: Maushold|spe|1
|
|upkeep
|turn|2
|
|t:|1686001134
|-terastallize|p1a: Maushold|Normal
|move|p1a: Maushold|Population Bomb|p2a: Great Tusk|[miss]
|-miss|p1a: Maushold|p2a: Great Tusk
|move|p2a: Great Tusk|Earthquake|p1a: Maushold
|-damage|p1a: Maushold|0 fnt
|faint|p1a: Maushold
|
|upkeep
|
|t:|1686001141
|switch|p1a: Moltres|Moltres-Galar|100/100
|turn|3
|
|t:|1686001147
|-end|p2a: Great Tusk|Protosynthesis|[silent]
|switch|p2a: Slowking|Slowking-Galar, F|100/100
|move|p1a: Moltres|Agility|p1a: Moltres
|-boost|p1a: Moltres|spe|2
|
|upkeep
|turn|4
|
|t:|1686001167
|-terastallize|p2a: Slowking|Dark
|move|p1a: Moltres|Nasty Plot|p1a: Moltres
|-boost|p1a: Moltres|spa|2
|move|p2a: Slowking|Surf|p1a: Moltres
|-damage|p1a: Moltres|79/100
|
|upkeep
|turn|5
|
|t:|1686001172
|move|p1a: Moltres|Nasty Plot|p1a: Moltres
|-boost|p1a: Moltres|spa|2
|move|p2a: Slowking|Surf|p1a: Moltres
|-damage|p1a: Moltres|59/100
|
|upkeep
|turn|6
|
|t:|1686001174
|move|p1a: Moltres|Hurricane|p2a: Slowking
|-damage|p2a: Slowking|13/100
|move|p2a: Slowking|Surf|p1a: Moltres
|-damage|p1a: Moltres|39/100
|-ability|p1a: Moltres|Berserk|boost
|-boost|p1a: Moltres|spa|1
|
|-heal|p2a: Slowking|20/100|[from] item: Leftovers
|upkeep
|turn|7
|
|t:|1686001189
|switch|p2a: Electrode|Electrode-Hisui|100/100
|move|p1a: Moltres|Fiery Wrath|p2a: Electrode
|-damage|p2a: Electrode|0 fnt
|faint|p2a: Electrode
|
|upkeep
|
|t:|1686001192
|switch|p2a: Slowking|Slowking-Galar, F, tera:Dark|53/100
|turn|8
|
|t:|1686001197
|move|p1a: Moltres|Hurricane|p2a: Slowking
|-damage|p2a: Slowking|0 fnt
|faint|p2a: Slowking
|
|upkeep
|
|t:|1686001204
|switch|p2a: Zapdos|Zapdos-Galar|100/100
|turn|9
|
|t:|1686001209
|move|p1a: Moltres|Hurricane|p2a: Zapdos
|-supereffective|p2a: Zapdos
|-damage|p2a: Zapdos|0 fnt
|faint|p2a: Zapdos
|
|upkeep
|-message|Eatsleepjdm forfeited.
|
|win|erduashi
|raw|erduashi's rating: 1328 → 1348(+20 for winning)
|raw|Eatsleepjdm's rating: 1323 → 1303(-20 for losing)
|l|☆Eatsleepjdm
