|j|☆Ryu-09
|j|☆Rekt_3001
|t:|1686005319
|gametype|singles
|player|p1|Ryu-09|silver|1345
|player|p2|Rekt_3001|iris-gen5bw2|1393
|teamsize|p1|6
|teamsize|p2|6
|gen|9
|tier|[Gen 9] OU
|rated|
|rule|Sleep Clause Mod: Limit one foe put to sleep
|rule|Species Clause: Limit one of each Pokémon
|rule|OHKO Clause: OHKO moves are banned
|rule|Evasion Items Clause: Evasion items are banned
|rule|Evasion Moves Clause: Evasion moves are banned
|rule|Endless Battle Clause: Forcing endless battles is banned
|rule|HP Percentage Mod: HP is shown in percentages
|clearpoke
|poke|p1|Lucario, M|
|poke|p1|Arcanine-Hisui, M|
|poke|p1|Chien-Pao|
|poke|p1|Roaring Moon|
|poke|p1|Moltres-Galar|
|poke|p1|Zamazenta-*|
|poke|p2|Urshifu-*, M|
|poke|p2|Scream Tail|
|poke|p2|Zapdos|
|poke|p2|Heatran, F|
|poke|p2|Gholdengo|
|poke|p2|Samurott-Hisui, M|
|teampreview
|inactive|Battle timer is ON: inactive players will automatically lose when time's up. (requested by Ryu-09)
|
|t:|1686005340
|start
|switch|p1a: fire rock dog|Arcanine-Hisui, M|100/100
|switch|p2a: Samurott|Samurott-Hisui, M|100/100
|turn|1
|
|t:|1686005346
|move|p1a: fire rock dog|Wild Charge|p2a: Samurott
|-supereffective|p2a: Samurott
|-damage|p2a: Samurott|36/100
|move|p2a: Samurott|Aqua Cutter|p1a: fire rock dog
|-supereffective|p1a: fire rock dog
|-damage|p1a: fire rock dog|0 fnt
|faint|p1a: fire rock dog
|
|upkeep
|
|t:|1686005363
|switch|p1a: fire birb|Moltres-Galar, shiny|100/100
|turn|2
|
|t:|1686005376
|switch|p2a: Scream Tail|Scream Tail|100/100
|move|p1a: fire birb|Agility|p1a: fire birb
|-boost|p1a: fire birb|spe|2
|
|upkeep
|turn|3
|
|t:|1686005382
|move|p1a: fire birb|Shadow Ball|p2a: Scream Tail
|-supereffective|p2a: Scream Tail
|-damage|p2a: Scream Tail|71/100
|move|p2a: Scream Tail|Encore|p1a: fire birb
|-start|p1a: fire birb|Encore
|
|-heal|p2a: Scream Tail|77/100|[from] item: Leftovers
|upkeep
|turn|4
|
|t:|1686005388
|move|p1a: fire birb|Shadow Ball|p2a: Scream Tail
|-supereffective|p2a: Scream Tail
|-damage|p2a: Scream Tail|48/100
|-unboost|p2a: Scream Tail|spd|1
|move|p2a: Scream Tail|Wish|p2a: Scream Tail
|
|-heal|p2a: Scream Tail|54/100|[from] item: Leftovers
|upkeep
|turn|5
|
|t:|1686005395
|-end|p2a: Scream Tail|Protosynthesis|[silent]
|switch|p2a: Samurott|Samurott-Hisui, M|36/100
|move|p1a: fire birb|Shadow Ball|p2a: Samurott
|-resisted|p2a: Samurott
|-damage|p2a: Samurott|28/100
|
|-heal|p2a: Samurott|89/100|[from] move: Wish|[wisher] Scream Tail
|upkeep
|turn|6
|
|t:|1686005401
|switch|p1a: mege mence dino|Roaring Moon|100/100
|-enditem|p1a: mege mence dino|Booster Energy
|-activate|p1a: mege mence dino|ability: Protosynthesis|[fromitem]
|-start|p1a: mege mence dino|protosynthesisspe
|move|p2a: Samurott|Aqua Cutter|p1a: mege mence dino
|-resisted|p1a: mege mence dino
|-damage|p1a: mege mence dino|66/100
|
|upkeep
|turn|7
|
|t:|1686005415
|move|p1a: mege mence dino|Acrobatics|p2a: Samurott
|-damage|p2a: Samurott|48/100
|move|p2a: Samurott|Sacred Sword|p1a: mege mence dino
|-supereffective|p1a: mege mence dino
|-damage|p1a: mege mence dino|0 fnt
|faint|p1a: mege mence dino
|-end|p1a: mege mence dino|Protosynthesis|[silent]
|
|upkeep
|
|t:|1686005426
|switch|p1a: bing chilling|Chien-Pao|100/100
|-ability|p1a: bing chilling|Sword of Ruin
|turn|8
|
|t:|1686005433
|-terastallize|p2a: Samurott|Water
|move|p1a: bing chilling|Sacred Sword|p2a: Samurott
|-damage|p2a: Samurott|0 fnt
|faint|p2a: Samurott
|
|upkeep
|
|t:|1686005442
|switch|p2a: Gholdengo|Gholdengo|100/100
|turn|9
|
|t:|1686005446
|switch|p1a: fire birb|Moltres-Galar, shiny|100/100
|move|p2a: Gholdengo|Trick|p1a: fire birb
|-activate|p2a: Gholdengo|move: Trick|[of] p1a: fire birb
|-item|p1a: fire birb|Toxic Orb|[from] move: Trick
|-item|p2a: Gholdengo|Weakness Policy|[from] move: Trick
|
|-status|p1a: fire birb|tox|[from] item: Toxic Orb
|upkeep
|turn|10
|
|t:|1686005463
|move|p1a: fire birb|Agility|p1a: fire birb
|-boost|p1a: fire birb|spe|2
|move|p2a: Gholdengo|Make It Rain|p1a: fire birb
|-damage|p1a: fire birb|56/100 tox
|-unboost|p2a: Gholdengo|spa|1
|
|-damage|p1a: fire birb|50/100 tox|[from] psn
|upkeep
|turn|11
|
|t:|1686005482
|move|p1a: fire birb|Fiery Wrath|p2a: Gholdengo
|-supereffective|p2a: Gholdengo
|-damage|p2a: Gholdengo|36/100
|-enditem|p2a: Gholdengo|Weakness Policy
|-boost|p2a: Gholdengo|atk|2|[from] item: Weakness Policy
|-boost|p2a: Gholdengo|spa|2|[from] item: Weakness Policy
|cant|p2a: Gholdengo|flinch
|
|-damage|p1a: fire birb|38/100 tox|[from] psn
|upkeep
|turn|12
|
|t:|1686005490
|move|p1a: fire birb|Fiery Wrath|p2a: Gholdengo
|-supereffective|p2a: Gholdengo
|-damage|p2a: Gholdengo|0 fnt
|faint|p2a: Gholdengo
|
|-damage|p1a: fire birb|19/100 tox|[from] psn
|upkeep
|
|t:|1686005497
|switch|p2a: Urshifu|Urshifu-Rapid-Strike, M|100/100
|turn|13
|
|t:|1686005503
|move|p1a: fire birb|Shadow Ball|p2a: Urshifu
|-damage|p2a: Urshifu|71/100
|move|p2a: Urshifu|Swords Dance|p2a: Urshifu
|-boost|p2a: Urshifu|atk|2
|
|-damage|p1a: fire birb|0 fnt|[from] psn
|faint|p1a: fire birb
|upkeep
|
|t:|1686005523
|switch|p1a: bing chilling|Chien-Pao|100/100
|-ability|p1a: bing chilling|Sword of Ruin
|turn|14
|
|t:|1686005534
|move|p1a: bing chilling|Sacred Sword|p2a: Urshifu
|-damage|p2a: Urshifu|12/100
|move|p2a: Urshifu|Surging Strikes|p1a: bing chilling
|-crit|p1a: bing chilling
|-damage|p1a: bing chilling|28/100
|-crit|p1a: bing chilling
|-damage|p1a: bing chilling|0 fnt
|faint|p1a: bing chilling
|-hitcount|p1: bing chilling|2
|-damage|p2a: Urshifu|2/100|[from] item: Life Orb
|
|upkeep
|
|t:|1686005542
|switch|p1a: mage replacement|Lucario, M|100/100
|turn|15
|c|☆Ryu-09|ew life orb
|
|t:|1686005549
|switch|p2a: Heatran|Heatran, F|100/100
|-item|p2a: Heatran|Air Balloon
|move|p1a: mage replacement|Vacuum Wave|p2a: Heatran
|-supereffective|p2a: Heatran
|-damage|p2a: Heatran|73/100
|-enditem|p2a: Heatran|Air Balloon
|
|upkeep
|turn|16
|
|t:|1686005558
|-terastallize|p1a: mage replacement|Fighting
|move|p1a: mage replacement|Nasty Plot|p1a: mage replacement
|-boost|p1a: mage replacement|spa|2
|move|p2a: Heatran|Magma Storm|p1a: mage replacement
|-damage|p1a: mage replacement|33/100
|-activate|p1a: mage replacement|move: Magma Storm|[of] p2a: Heatran
|
|-heal|p1a: mage replacement|39/100|[from] item: Leftovers
|-damage|p1a: mage replacement|27/100|[from] move: Magma Storm|[partiallytrapped]
|upkeep
|turn|17
|
|t:|1686005569
|move|p1a: mage replacement|Vacuum Wave|p2a: Heatran
|-supereffective|p2a: Heatran
|-damage|p2a: Heatran|0 fnt
|faint|p2a: Heatran
|
|-heal|p1a: mage replacement|33/100|[from] item: Leftovers
|-end|p1a: mage replacement|Magma Storm|[partiallytrapped]|[silent]
|upkeep
|
|t:|1686005572
|switch|p2a: Scream Tail|Scream Tail|54/100
|turn|18
|
|t:|1686005577
|move|p2a: Scream Tail|Dazzling Gleam|p1a: mage replacement
|-supereffective|p1a: mage replacement
|-damage|p1a: mage replacement|0 fnt
|faint|p1a: mage replacement
|
|-heal|p2a: Scream Tail|60/100|[from] item: Leftovers
|upkeep
|
|t:|1686005579
|switch|p1a: armored dog|Zamazenta-Crowned|100/100
|-ability|p1a: armored dog|Dauntless Shield|boost
|-boost|p1a: armored dog|def|1
|turn|19
|
|t:|1686005586
|move|p2a: Scream Tail|Encore||[still]
|-fail|p2a: Scream Tail
|move|p1a: armored dog|Behemoth Bash|p2a: Scream Tail
|-supereffective|p2a: Scream Tail
|-damage|p2a: Scream Tail|0 fnt
|faint|p2a: Scream Tail
|-end|p2a: Scream Tail|Protosynthesis|[silent]
|
|upkeep
|c|☆Rekt_3001|oops thoug you were faster
|
|t:|1686005612
|switch|p2a: Zapdos|Zapdos|100/100
|turn|20
|c|☆Ryu-09|who runs max speed zama lol
|
|t:|1686005630
|move|p1a: armored dog|Iron Defense|p1a: armored dog
|-boost|p1a: armored dog|def|2
|move|p2a: Zapdos|Thunderbolt|p1a: armored dog
|-damage|p1a: armored dog|75/100
|
|upkeep
|turn|21
|
|t:|1686005638
|move|p1a: armored dog|Iron Defense|p1a: armored dog
|-boost|p1a: armored dog|def|2
|move|p2a: Zapdos|Heat Wave|p1a: armored dog
|-supereffective|p1a: armored dog
|-damage|p1a: armored dog|35/100
|
|upkeep
|turn|22
|
|t:|1686005645
|move|p1a: armored dog|Body Press|p2a: Zapdos
|-resisted|p2a: Zapdos
|-damage|p2a: Zapdos|32/100
|move|p2a: Zapdos|Heat Wave|p1a: armored dog
|-supereffective|p1a: armored dog
|-damage|p1a: armored dog|0 fnt
|faint|p1a: armored dog
|
|win|Rekt_3001
|raw|Ryu-09's rating: 1345 → 1328(-17 for losing)
|raw|Rekt_3001's rating: 1393 → 1410(+17 for winning)
|c|☆Rekt_3001|gg
|c|☆Ryu-09|gg wp
