|j|☆chi yuh yuh
|j|☆ouzo shiny shinx
|t:|1685997610
|gametype|singles
|player|p1|chi yuh yuh|1|1718
|player|p2|ouzo shiny shinx|grimsley|1637
|teamsize|p1|6
|teamsize|p2|6
|gen|9
|tier|[Gen 9] OU
|rated|
|rule|Sleep Clause Mod: Limit one foe put to sleep
|rule|Species Clause: Limit one of each Pokémon
|rule|OHKO Clause: OHKO moves are banned
|rule|Evasion Items Clause: Evasion items are banned
|rule|Evasion Moves Clause: Evasion moves are banned
|rule|Endless Battle Clause: Forcing endless battles is banned
|rule|HP Percentage Mod: HP is shown in percentages
|clearpoke
|poke|p1|Garchomp, F|
|poke|p1|Zamazenta-*|
|poke|p1|Kingambit, M|
|poke|p1|Enamorus, F|
|poke|p1|Great Tusk|
|poke|p1|Volcanion|
|poke|p2|Clodsire, F|
|poke|p2|Zoroark-Hisui, F|
|poke|p2|Kingambit, F|
|poke|p2|Rotom-Wash|
|poke|p2|Great Tusk|
|poke|p2|Amoonguss, M|
|teampreview
|inactive|Battle timer is ON: inactive players will automatically lose when time's up. (requested by chi yuh yuh)
|j| eqf2
|c|☆ouzo shiny shinx|thank god that dumb bunny is gone
|
|t:|1685997631
|start
|switch|p1a: Garchomp|Garchomp, F|100/100
|switch|p2a: Amoonguss|Amoonguss, M|100/100
|turn|1
|c|☆chi yuh yuh|great day for the sane man
|inactive|chi yuh yuh has 120 seconds left.
|
|t:|1685997665
|move|p2a: Amoonguss|Shadow Ball|p1a: Garchomp
|-damage|p1a: Garchomp|62/100
|move|p1a: Garchomp|Stealth Rock|p2a: Amoonguss
|-sidestart|p2: ouzo shiny shinx|move: Stealth Rock
|
|upkeep
|turn|2
|
|t:|1685997670
|switch|p2a: Amoonguss|Amoonguss, M|100/100
|-damage|p2a: Amoonguss|88/100|[from] Stealth Rock
|move|p1a: Garchomp|Earthquake|p2a: Amoonguss
|-crit|p2a: Amoonguss
|-damage|p2a: Amoonguss|42/100
|
|upkeep
|turn|3
|
|t:|1685997677
|move|p1a: Garchomp|Spikes|p2a: Amoonguss
|-sidestart|p2: ouzo shiny shinx|Spikes
|move|p2a: Amoonguss|Synthesis|p2a: Amoonguss
|-heal|p2a: Amoonguss|92/100
|
|upkeep
|turn|4
|
|t:|1685997682
|move|p2a: Amoonguss|Giga Drain|p1a: Garchomp
|-damage|p1a: Garchomp|39/100
|-heal|p2a: Amoonguss|100/100|[from] drain|[of] p1a: Garchomp
|move|p1a: Garchomp|Dragon Tail|p2a: Amoonguss
|-damage|p2a: Amoonguss|82/100
|-damage|p1a: Garchomp|22/100|[from] item: Rocky Helmet|[of] p2a: Amoonguss
|drag|p2a: Great Tusk|Great Tusk|100/100
|-damage|p2a: Great Tusk|98/100|[from] Stealth Rock
|-damage|p2a: Great Tusk|85/100|[from] Spikes
|-enditem|p2a: Great Tusk|Booster Energy
|-activate|p2a: Great Tusk|ability: Protosynthesis|[fromitem]
|-start|p2a: Great Tusk|protosynthesisatk
|
|upkeep
|turn|5
|
|t:|1685997689
|move|p2a: Great Tusk|Rapid Spin|p1a: Garchomp
|-damage|p1a: Garchomp|9/100
|-boost|p2a: Great Tusk|spe|1
|-damage|p2a: Great Tusk|73/100|[from] ability: Rough Skin|[of] p1a: Garchomp
|-damage|p2a: Great Tusk|56/100|[from] item: Rocky Helmet|[of] p1a: Garchomp
|-sideend|p2: ouzo shiny shinx|Spikes|[from] move: Rapid Spin|[of] p2a: Great Tusk
|-sideend|p2: ouzo shiny shinx|Stealth Rock|[from] move: Rapid Spin|[of] p2a: Great Tusk
|move|p1a: Garchomp|Earthquake|p2a: Great Tusk
|-damage|p2a: Great Tusk|24/100
|
|upkeep
|turn|6
|
|t:|1685997697
|move|p2a: Great Tusk|Rapid Spin|p1a: Garchomp
|-damage|p1a: Garchomp|0 fnt
|-boost|p2a: Great Tusk|spe|1
|-damage|p2a: Great Tusk|12/100|[from] ability: Rough Skin|[of] p1a: Garchomp
|-damage|p2a: Great Tusk|0 fnt|[from] item: Rocky Helmet|[of] p1a: Garchomp
|faint|p1a: Garchomp
|faint|p2a: Great Tusk
|-end|p2a: Great Tusk|Protosynthesis|[silent]
|
|upkeep
|
|t:|1685997708
|switch|p2a: Amoonguss|Amoonguss, M|100/100
|switch|p1a: Enamorus|Enamorus, F|100/100
|turn|7
|
|t:|1685997725
|switch|p1a: Great Tusk|Great Tusk|100/100
|move|p2a: Amoonguss|Shadow Ball|p1a: Great Tusk
|-damage|p1a: Great Tusk|43/100
|
|upkeep
|turn|8
|
|t:|1685997730
|-end|p1a: Great Tusk|Protosynthesis|[silent]
|switch|p1a: Kingambit|Kingambit, M|100/100
|-activate|p1a: Kingambit|ability: Supreme Overlord
|-start|p1a: Kingambit|fallen1|[silent]
|move|p2a: Amoonguss|Shadow Ball|p1a: Kingambit
|-resisted|p1a: Kingambit
|-damage|p1a: Kingambit|81/100
|
|-heal|p1a: Kingambit|87/100|[from] item: Leftovers
|upkeep
|turn|9
|
|t:|1685997736
|switch|p2a: Rotom|Rotom-Wash, shiny|100/100
|move|p1a: Kingambit|Swords Dance|p1a: Kingambit
|-boost|p1a: Kingambit|atk|2
|
|-heal|p1a: Kingambit|93/100|[from] item: Leftovers
|upkeep
|turn|10
|
|t:|1685997748
|-end|p1a: Kingambit|fallen1|[silent]
|switch|p1a: Enamorus|Enamorus, F|100/100
|move|p2a: Rotom|Will-O-Wisp|p1a: Enamorus
|-status|p1a: Enamorus|brn
|
|-damage|p1a: Enamorus|94/100 brn|[from] brn
|upkeep
|turn|11
|
|t:|1685997753
|move|p1a: Enamorus|Mystical Fire|p2a: Rotom
|-resisted|p2a: Rotom
|-damage|p2a: Rotom|79/100
|-unboost|p2a: Rotom|spa|1
|move|p2a: Rotom|Volt Switch|p1a: Enamorus
|-supereffective|p1a: Enamorus
|-damage|p1a: Enamorus|49/100 brn
|
|t:|1685997758
|switch|p2a: Clodsire|Clodsire, F|100/100|[from] Volt Switch
|
|-damage|p1a: Enamorus|42/100 brn|[from] brn
|upkeep
|turn|12
|
|t:|1685997764
|switch|p1a: Great Tusk|Great Tusk|43/100
|move|p2a: Clodsire|Stealth Rock|p1a: Great Tusk
|-sidestart|p1: chi yuh yuh|move: Stealth Rock
|
|upkeep
|turn|13
|
|t:|1685997787
|switch|p2a: Amoonguss|Amoonguss, M|100/100
|move|p1a: Great Tusk|Headlong Rush|p2a: Amoonguss
|-damage|p2a: Amoonguss|0 fnt
|-unboost|p1a: Great Tusk|def|1
|-unboost|p1a: Great Tusk|spd|1
|replace|p2a: Zoroark|Zoroark-Hisui, F
|-end|p2a: Zoroark|Illusion
|faint|p2a: Zoroark
|
|upkeep
|
|t:|1685997793
|switch|p2a: Amoonguss|Amoonguss, M|100/100
|turn|14
|
|t:|1685997799
|-end|p1a: Great Tusk|Protosynthesis|[silent]
|switch|p1a: Enamorus|Enamorus, F|42/100 brn
|-damage|p1a: Enamorus|17/100 brn|[from] Stealth Rock
|move|p2a: Amoonguss|Giga Drain|p1a: Enamorus
|-resisted|p1a: Enamorus
|-crit|p1a: Enamorus
|-damage|p1a: Enamorus|0 fnt
|faint|p1a: Enamorus
|
|upkeep
|
|t:|1685997803
|switch|p1a: Zamazenta|Zamazenta|100/100
|-damage|p1a: Zamazenta|94/100|[from] Stealth Rock
|-ability|p1a: Zamazenta|Dauntless Shield|boost
|-boost|p1a: Zamazenta|def|1
|turn|15
|
|t:|1685997806
|move|p1a: Zamazenta|Iron Defense|p1a: Zamazenta
|-boost|p1a: Zamazenta|def|2
|move|p2a: Amoonguss|Spore|p1a: Zamazenta
|-status|p1a: Zamazenta|slp|[from] move: Spore
|
|-heal|p1a: Zamazenta|100/100 slp|[from] item: Leftovers
|upkeep
|turn|16
|c|☆chi yuh yuh|fk wrong move lol
|
|t:|1685997816
|cant|p1a: Zamazenta|slp
|move|p2a: Amoonguss|Sludge Bomb|p1a: Zamazenta
|-damage|p1a: Zamazenta|72/100 slp
|
|-heal|p1a: Zamazenta|79/100 slp|[from] item: Leftovers
|upkeep
|turn|17
|
|t:|1685997818
|-curestatus|p1a: Zamazenta|slp|[msg]
|move|p1a: Zamazenta|Substitute|p1a: Zamazenta
|-start|p1a: Zamazenta|Substitute
|-damage|p1a: Zamazenta|54/100
|move|p2a: Amoonguss|Sludge Bomb|p1a: Zamazenta
|-activate|p1a: Zamazenta|move: Substitute|[damage]
|
|-heal|p1a: Zamazenta|60/100|[from] item: Leftovers
|upkeep
|turn|18
|
|t:|1685997826
|-terastallize|p1a: Zamazenta|Steel
|move|p1a: Zamazenta|Iron Defense|p1a: Zamazenta
|-boost|p1a: Zamazenta|def|2
|move|p2a: Amoonguss|Sludge Bomb|p1a: Zamazenta
|-immune|p1a: Zamazenta
|
|-heal|p1a: Zamazenta|66/100|[from] item: Leftovers
|upkeep
|turn|19
|
|t:|1685997830
|move|p1a: Zamazenta|Iron Defense|p1a: Zamazenta
|-boost|p1a: Zamazenta|def|1
|move|p2a: Amoonguss|Giga Drain|p1a: Zamazenta
|-resisted|p1a: Zamazenta
|-end|p1a: Zamazenta|Substitute
|
|-heal|p1a: Zamazenta|72/100|[from] item: Leftovers
|upkeep
|turn|20
|
|t:|1685997833
|move|p1a: Zamazenta|Substitute|p1a: Zamazenta
|-start|p1a: Zamazenta|Substitute
|-damage|p1a: Zamazenta|47/100
|move|p2a: Amoonguss|Spore||[still]
|-fail|p2a: Amoonguss
|
|-heal|p1a: Zamazenta|53/100|[from] item: Leftovers
|upkeep
|turn|21
|
|t:|1685997836
|switch|p2a: Clodsire|Clodsire, F|100/100
|move|p1a: Zamazenta|Body Press|p2a: Clodsire
|-resisted|p2a: Clodsire
|-damage|p2a: Clodsire|79/100
|
|-heal|p1a: Zamazenta|60/100|[from] item: Leftovers
|-heal|p2a: Clodsire|86/100|[from] item: Leftovers
|upkeep
|turn|22
|
|t:|1685997841
|move|p1a: Zamazenta|Crunch|p2a: Clodsire
|-damage|p2a: Clodsire|62/100
|-unboost|p2a: Clodsire|def|1
|move|p2a: Clodsire|Stealth Rock||[still]
|-fail|p2a: Clodsire
|
|-heal|p1a: Zamazenta|66/100|[from] item: Leftovers
|-heal|p2a: Clodsire|68/100|[from] item: Leftovers
|upkeep
|turn|23
|
|t:|1685997846
|switch|p2a: Amoonguss|Amoonguss, M|100/100
|move|p1a: Zamazenta|Crunch|p2a: Amoonguss
|-damage|p2a: Amoonguss|84/100
|-damage|p1a: Zamazenta|49/100|[from] item: Rocky Helmet|[of] p2a: Amoonguss
|
|-heal|p1a: Zamazenta|55/100|[from] item: Leftovers
|upkeep
|turn|24
|
|t:|1685997852
|switch|p2a: Clodsire|Clodsire, F|68/100
|move|p1a: Zamazenta|Crunch|p2a: Clodsire
|-damage|p2a: Clodsire|46/100
|
|-heal|p1a: Zamazenta|61/100|[from] item: Leftovers
|-heal|p2a: Clodsire|52/100|[from] item: Leftovers
|upkeep
|turn|25
|
|t:|1685997855
|move|p1a: Zamazenta|Crunch|p2a: Clodsire
|-damage|p2a: Clodsire|28/100
|move|p2a: Clodsire|Recover|p2a: Clodsire
|-heal|p2a: Clodsire|78/100
|
|-heal|p1a: Zamazenta|68/100|[from] item: Leftovers
|-heal|p2a: Clodsire|84/100|[from] item: Leftovers
|upkeep
|turn|26
|
|t:|1685997859
|move|p1a: Zamazenta|Body Press|p2a: Clodsire
|-resisted|p2a: Clodsire
|-damage|p2a: Clodsire|61/100
|move|p2a: Clodsire|Earthquake|p1a: Zamazenta
|-supereffective|p1a: Zamazenta
|-end|p1a: Zamazenta|Substitute
|
|-heal|p1a: Zamazenta|74/100|[from] item: Leftovers
|-heal|p2a: Clodsire|68/100|[from] item: Leftovers
|upkeep
|turn|27
|
|t:|1685997865
|move|p1a: Zamazenta|Substitute|p1a: Zamazenta
|-start|p1a: Zamazenta|Substitute
|-damage|p1a: Zamazenta|49/100
|move|p2a: Clodsire|Recover|p2a: Clodsire
|-heal|p2a: Clodsire|100/100
|
|-heal|p1a: Zamazenta|55/100|[from] item: Leftovers
|upkeep
|turn|28
|
|t:|1685997869
|move|p1a: Zamazenta|Crunch|p2a: Clodsire
|-damage|p2a: Clodsire|77/100
|move|p2a: Clodsire|Earthquake|p1a: Zamazenta
|-supereffective|p1a: Zamazenta
|-end|p1a: Zamazenta|Substitute
|
|-heal|p1a: Zamazenta|61/100|[from] item: Leftovers
|-heal|p2a: Clodsire|83/100|[from] item: Leftovers
|upkeep
|turn|29
|
|t:|1685997880
|switch|p1a: Great Tusk|Great Tusk|43/100
|move|p2a: Clodsire|Earthquake|p1a: Great Tusk
|-damage|p1a: Great Tusk|23/100
|
|-heal|p2a: Clodsire|89/100|[from] item: Leftovers
|upkeep
|turn|30
|
|t:|1685997888
|switch|p2a: Rotom|Rotom-Wash, shiny|79/100
|move|p1a: Great Tusk|Close Combat|p2a: Rotom
|-damage|p2a: Rotom|34/100
|-unboost|p1a: Great Tusk|def|1
|-unboost|p1a: Great Tusk|spd|1
|
|-heal|p2a: Rotom|40/100|[from] item: Leftovers
|upkeep
|turn|31
|
|t:|1685997896
|move|p2a: Rotom|Protect|p2a: Rotom
|-singleturn|p2a: Rotom|Protect
|move|p1a: Great Tusk|Close Combat|p2a: Rotom
|-activate|p2a: Rotom|move: Protect
|
|-heal|p2a: Rotom|46/100|[from] item: Leftovers
|upkeep
|turn|32
|
|t:|1685997899
|switch|p2a: Amoonguss|Amoonguss, M|100/100
|move|p1a: Great Tusk|Headlong Rush|p2a: Amoonguss
|-damage|p2a: Amoonguss|50/100
|-unboost|p1a: Great Tusk|def|1
|-unboost|p1a: Great Tusk|spd|1
|-damage|p1a: Great Tusk|6/100|[from] item: Rocky Helmet|[of] p2a: Amoonguss
|
|upkeep
|turn|33
|
|t:|1685997920
|switch|p2a: Rotom|Rotom-Wash, shiny|46/100
|move|p1a: Great Tusk|Headlong Rush|p2a: Rotom
|-immune|p2a: Rotom|[from] ability: Levitate
|
|-heal|p2a: Rotom|52/100|[from] item: Leftovers
|upkeep
|turn|34
|
|t:|1685997924
|move|p2a: Rotom|Protect|p2a: Rotom
|-singleturn|p2a: Rotom|Protect
|move|p1a: Great Tusk|Close Combat|p2a: Rotom
|-activate|p2a: Rotom|move: Protect
|
|-heal|p2a: Rotom|59/100|[from] item: Leftovers
|upkeep
|turn|35
|
|t:|1685997927
|move|p1a: Great Tusk|Close Combat|p2a: Rotom
|-damage|p2a: Rotom|13/100
|-unboost|p1a: Great Tusk|def|1
|-unboost|p1a: Great Tusk|spd|1
|move|p2a: Rotom|Hydro Pump|p1a: Great Tusk|[miss]
|-miss|p2a: Rotom|p1a: Great Tusk
|
|-heal|p2a: Rotom|19/100|[from] item: Leftovers
|upkeep
|turn|36
|
|t:|1685997934
|move|p2a: Rotom|Protect|p2a: Rotom
|-singleturn|p2a: Rotom|Protect
|move|p1a: Great Tusk|Rapid Spin|p2a: Rotom
|-activate|p2a: Rotom|move: Protect
|
|-heal|p2a: Rotom|25/100|[from] item: Leftovers
|upkeep
|turn|37
|
|t:|1685997937
|switch|p2a: Amoonguss|Amoonguss, M|83/100
|move|p1a: Great Tusk|Close Combat|p2a: Amoonguss
|-resisted|p2a: Amoonguss
|-damage|p2a: Amoonguss|59/100
|-unboost|p1a: Great Tusk|def|1
|-unboost|p1a: Great Tusk|spd|1
|-damage|p1a: Great Tusk|0 fnt|[from] item: Rocky Helmet|[of] p2a: Amoonguss
|faint|p1a: Great Tusk
|-end|p1a: Great Tusk|Protosynthesis|[silent]
|
|upkeep
|
|t:|1685997943
|switch|p1a: Kingambit|Kingambit, M|93/100
|-damage|p1a: Kingambit|87/100|[from] Stealth Rock
|-activate|p1a: Kingambit|ability: Supreme Overlord
|-start|p1a: Kingambit|fallen3|[silent]
|turn|38
|
|t:|1685997946
|-end|p1a: Kingambit|fallen3|[silent]
|switch|p1a: Zamazenta|Zamazenta, tera:Steel|61/100
|-damage|p1a: Zamazenta|55/100|[from] Stealth Rock
|move|p2a: Amoonguss|Spore|p1a: Zamazenta
|-status|p1a: Zamazenta|slp|[from] move: Spore
|
|-heal|p1a: Zamazenta|61/100 slp|[from] item: Leftovers
|upkeep
|turn|39
|
|t:|1685997949
|switch|p1a: Kingambit|Kingambit, M|87/100
|-damage|p1a: Kingambit|81/100|[from] Stealth Rock
|-activate|p1a: Kingambit|ability: Supreme Overlord
|-start|p1a: Kingambit|fallen3|[silent]
|switch|p2a: Clodsire|Clodsire, F|89/100
|
|-heal|p1a: Kingambit|87/100|[from] item: Leftovers
|-heal|p2a: Clodsire|96/100|[from] item: Leftovers
|upkeep
|turn|40
|
|t:|1685997958
|move|p1a: Kingambit|Kowtow Cleave|p2a: Clodsire
|-damage|p2a: Clodsire|29/100
|move|p2a: Clodsire|Earthquake|p1a: Kingambit
|-supereffective|p1a: Kingambit
|-damage|p1a: Kingambit|44/100
|
|-heal|p1a: Kingambit|50/100|[from] item: Leftovers
|-heal|p2a: Clodsire|35/100|[from] item: Leftovers
|upkeep
|turn|41
|
|t:|1685997966
|switch|p2a: Amoonguss|Amoonguss, M|92/100
|move|p1a: Kingambit|Kowtow Cleave|p2a: Amoonguss
|-damage|p2a: Amoonguss|47/100
|-damage|p1a: Kingambit|34/100|[from] item: Rocky Helmet|[of] p2a: Amoonguss
|
|-heal|p1a: Kingambit|40/100|[from] item: Leftovers
|upkeep
|turn|42
|
|t:|1685997970
|switch|p2a: Rotom|Rotom-Wash, shiny|25/100
|move|p1a: Kingambit|Swords Dance|p1a: Kingambit
|-boost|p1a: Kingambit|atk|2
|
|-heal|p2a: Rotom|32/100|[from] item: Leftovers
|-heal|p1a: Kingambit|46/100|[from] item: Leftovers
|upkeep
|turn|43
|
|t:|1685997974
|move|p2a: Rotom|Will-O-Wisp|p1a: Kingambit|[miss]
|-miss|p2a: Rotom|p1a: Kingambit
|move|p1a: Kingambit|Swords Dance|p1a: Kingambit
|-boost|p1a: Kingambit|atk|2
|
|-heal|p2a: Rotom|38/100|[from] item: Leftovers
|-heal|p1a: Kingambit|52/100|[from] item: Leftovers
|upkeep
|turn|44
|
|t:|1685997977
|move|p2a: Rotom|Will-O-Wisp|p1a: Kingambit
|-status|p1a: Kingambit|brn
|move|p1a: Kingambit|Kowtow Cleave|p2a: Rotom
|-damage|p2a: Rotom|0 fnt
|faint|p2a: Rotom
|
|-heal|p1a: Kingambit|58/100 brn|[from] item: Leftovers
|-damage|p1a: Kingambit|52/100 brn|[from] brn
|upkeep
|
|t:|1685997980
|switch|p2a: Kingambit|Kingambit, F|100/100
|-activate|p2a: Kingambit|ability: Supreme Overlord
|-start|p2a: Kingambit|fallen3|[silent]
|turn|45
|
|t:|1685997990
|-terastallize|p2a: Kingambit|Fire
|move|p2a: Kingambit|Tera Blast|p1a: Kingambit
|-supereffective|p1a: Kingambit
|-damage|p1a: Kingambit|0 fnt
|faint|p1a: Kingambit
|-end|p1a: Kingambit|fallen3|[silent]
|
|upkeep
|
|t:|1685997994
|switch|p1a: Volcanion|Volcanion|100/100
|turn|46
|
|t:|1685997999
|move|p1a: Volcanion|Steam Eruption|p2a: Kingambit
|-supereffective|p2a: Kingambit
|-damage|p2a: Kingambit|0 fnt
|faint|p2a: Kingambit
|-end|p2a: Kingambit|fallen3|[silent]
|
|upkeep
|
|t:|1685998001
|switch|p2a: Clodsire|Clodsire, F|35/100
|turn|47
|
|t:|1685998003
|move|p1a: Volcanion|Steam Eruption|p2a: Clodsire
|-supereffective|p2a: Clodsire
|-damage|p2a: Clodsire|0 fnt
|faint|p2a: Clodsire
|
|upkeep
|
|t:|1685998005
|switch|p2a: Amoonguss|Amoonguss, M|80/100
|turn|48
|c|☆chi yuh yuh|gg
|
|t:|1685998010
|move|p1a: Volcanion|Flamethrower|p2a: Amoonguss
|-supereffective|p2a: Amoonguss
|-damage|p2a: Amoonguss|0 fnt
|faint|p2a: Amoonguss
|
|win|chi yuh yuh
|raw|chi yuh yuh's rating: 1718 → 1733(+15 for winning)
|raw|ouzo shiny shinx's rating: 1637 → 1622(-15 for losing)
|c|☆ouzo shiny shinx|gg
|c|☆ouzo shiny shinx|wp
|c|☆ouzo shiny shinx|seriously
|c|☆chi yuh yuh|ty bro
|l|☆ouzo shiny shinx
