|j|☆Ketchup2000
|j|☆Pasitheaonmic
|t:|1686009242
|gametype|singles
|player|p1|Ketchup2000|byron|1070
|player|p2|Pasitheaonmic|102|1108
|teamsize|p1|6
|teamsize|p2|6
|gen|9
|tier|[Gen 9] OU
|rated|
|rule|Sleep Clause Mod: Limit one foe put to sleep
|rule|Species Clause: Limit one of each Pokémon
|rule|OHKO Clause: OHKO moves are banned
|rule|Evasion Items Clause: Evasion items are banned
|rule|Evasion Moves Clause: Evasion moves are banned
|rule|Endless Battle Clause: Forcing endless battles is banned
|rule|HP Percentage Mod: HP is shown in percentages
|clearpoke
|poke|p1|Arcanine-Hisui, F|
|poke|p1|Corviknight, F|
|poke|p1|Clodsire, F|
|poke|p1|Iron Treads|
|poke|p1|Braviary-Hisui, M|
|poke|p1|Lilligant-Hisui, F|
|poke|p2|Torkoal, M|
|poke|p2|Great Tusk|
|poke|p2|Walking Wake|
|poke|p2|Dondozo, M|
|poke|p2|Enamorus, F|
|poke|p2|Goodra-Hisui, M|
|teampreview
|inactive|Battle timer is ON: inactive players will automatically lose when time's up. (requested by Pasitheaonmic)
|inactive|Ketchup2000 has 120 seconds left.
|
|t:|1686009295
|start
|switch|p1a: Corviknight|Corviknight, F|100/100
|switch|p2a: Great Tusk|Great Tusk|100/100
|turn|1
|
|t:|1686009314
|-end|p2a: Great Tusk|Protosynthesis|[silent]
|switch|p2a: Torkoal|Torkoal, M|100/100
|-weather|SunnyDay|[from] ability: Drought|[of] p2a: Torkoal
|move|p1a: Corviknight|U-turn|p2a: Torkoal
|-resisted|p2a: Torkoal
|-damage|p2a: Torkoal|95/100
|
|t:|1686009320
|switch|p1a: Arcanine|Arcanine-Hisui, F|100/100|[from] U-turn
|
|-weather|SunnyDay|[upkeep]
|upkeep
|turn|2
|
|t:|1686009324
|move|p1a: Arcanine|Head Smash|p2a: Torkoal
|-supereffective|p2a: Torkoal
|-damage|p2a: Torkoal|0 fnt
|faint|p2a: Torkoal
|-damage|p1a: Arcanine|91/100|[from] item: Life Orb
|
|-weather|SunnyDay|[upkeep]
|upkeep
|
|t:|1686009332
|switch|p2a: Walking Wake|Walking Wake|100/100
|-activate|p2a: Walking Wake|ability: Protosynthesis
|-start|p2a: Walking Wake|protosynthesisspe
|turn|3
|
|t:|1686009344
|switch|p1a: Clodsire|Clodsire, F|100/100
|move|p2a: Walking Wake|Hydro Steam|p1a: Clodsire
|-immune|p1a: Clodsire|[from] ability: Water Absorb
|
|-weather|SunnyDay|[upkeep]
|upkeep
|turn|4
|
|t:|1686009352
|-end|p2a: Walking Wake|Protosynthesis|[silent]
|switch|p2a: Goodra|Goodra-Hisui, M|100/100
|move|p1a: Clodsire|Recover||[still]
|-fail|p1a: Clodsire|heal
|
|-weather|SunnyDay|[upkeep]
|upkeep
|turn|5
|
|t:|1686009362
|move|p2a: Goodra|Ice Spinner|p1a: Clodsire
|-supereffective|p1a: Clodsire
|-damage|p1a: Clodsire|56/100
|move|p1a: Clodsire|Earthquake|p2a: Goodra
|-supereffective|p2a: Goodra
|-damage|p2a: Goodra|48/100
|
|-weather|SunnyDay|[upkeep]
|-heal|p2a: Goodra|54/100|[from] item: Leftovers
|-heal|p1a: Clodsire|62/100|[from] item: Leftovers
|upkeep
|turn|6
|
|t:|1686009378
|move|p2a: Goodra|Ice Spinner|p1a: Clodsire
|-supereffective|p1a: Clodsire
|-damage|p1a: Clodsire|18/100
|move|p1a: Clodsire|Recover|p1a: Clodsire
|-heal|p1a: Clodsire|68/100
|
|-weather|SunnyDay|[upkeep]
|-heal|p2a: Goodra|60/100|[from] item: Leftovers
|-heal|p1a: Clodsire|74/100|[from] item: Leftovers
|upkeep
|turn|7
|
|t:|1686009394
|move|p2a: Goodra|Ice Spinner|p1a: Clodsire
|-supereffective|p1a: Clodsire
|-damage|p1a: Clodsire|29/100
|move|p1a: Clodsire|Earthquake|p2a: Goodra
|-supereffective|p2a: Goodra
|-damage|p2a: Goodra|8/100
|
|-weather|SunnyDay|[upkeep]
|-heal|p2a: Goodra|15/100|[from] item: Leftovers
|-heal|p1a: Clodsire|36/100|[from] item: Leftovers
|upkeep
|turn|8
|
|t:|1686009403
|switch|p1a: Corviknight|Corviknight, F|100/100
|move|p2a: Goodra|Ice Spinner|p1a: Corviknight
|-damage|p1a: Corviknight|88/100
|
|-weather|none
|-heal|p2a: Goodra|21/100|[from] item: Leftovers
|upkeep
|turn|9
|
|t:|1686009416
|switch|p2a: Dondozo|Dondozo, M|100/100
|move|p1a: Corviknight|U-turn|p2a: Dondozo
|-damage|p2a: Dondozo|94/100
|-damage|p1a: Corviknight|72/100|[from] item: Rocky Helmet|[of] p2a: Dondozo
|
|t:|1686009420
|switch|p1a: Clodsire|Clodsire, F|36/100|[from] U-turn
|
|-heal|p1a: Clodsire|42/100|[from] item: Leftovers
|upkeep
|turn|10
|
|t:|1686009430
|switch|p2a: Enamorus|Enamorus, F|100/100
|move|p1a: Clodsire|Toxic|p2a: Enamorus
|-status|p2a: Enamorus|tox
|
|-heal|p1a: Clodsire|48/100|[from] item: Leftovers
|-damage|p2a: Enamorus|94/100 tox|[from] psn
|upkeep
|turn|11
|
|t:|1686009444
|move|p2a: Enamorus|Springtide Storm|p1a: Clodsire
|-resisted|p1a: Clodsire
|-damage|p1a: Clodsire|37/100
|-unboost|p1a: Clodsire|atk|1
|move|p1a: Clodsire|Recover|p1a: Clodsire
|-heal|p1a: Clodsire|87/100
|
|-heal|p2a: Enamorus|100/100 tox|[from] item: Leftovers
|-heal|p1a: Clodsire|93/100|[from] item: Leftovers
|-damage|p2a: Enamorus|88/100 tox|[from] psn
|upkeep
|turn|12
|
|t:|1686009458
|move|p2a: Enamorus|Outrage|p1a: Clodsire
|-damage|p1a: Clodsire|47/100
|move|p1a: Clodsire|Poison Jab|p2a: Enamorus
|-supereffective|p2a: Enamorus
|-damage|p2a: Enamorus|30/100 tox
|
|-heal|p2a: Enamorus|36/100 tox|[from] item: Leftovers
|-heal|p1a: Clodsire|54/100|[from] item: Leftovers
|-damage|p2a: Enamorus|17/100 tox|[from] psn
|upkeep
|turn|13
|-message|Pasitheaonmic forfeited.
|
|win|Ketchup2000
|raw|Ketchup2000's rating: 1070 → 1103(+33 for winning)
|raw|Pasitheaonmic's rating: 1108 → 1080(-28 for losing)
|l|☆Pasitheaonmic
