|j|☆carbonlifeformmeme
|j|☆yaboiAshK.
|t:|1685998359
|gametype|singles
|player|p1|carbonlifeformmeme|101|1565
|player|p2|yaboiAshK.|ash-johto|1631
|teamsize|p1|6
|teamsize|p2|6
|gen|9
|tier|[Gen 9] OU
|rated|
|rule|Sleep Clause Mod: Limit one foe put to sleep
|rule|Species Clause: Limit one of each Pokémon
|rule|OHKO Clause: OHKO moves are banned
|rule|Evasion Items Clause: Evasion items are banned
|rule|Evasion Moves Clause: Evasion moves are banned
|rule|Endless Battle Clause: Forcing endless battles is banned
|rule|HP Percentage Mod: HP is shown in percentages
|clearpoke
|poke|p1|Iron Hands|
|poke|p1|Enamorus, F|
|poke|p1|Kingambit, F|
|poke|p1|Great Tusk|
|poke|p1|Zapdos|
|poke|p1|Iron Moth|
|poke|p2|Enamorus, F|
|poke|p2|Brambleghast, M|
|poke|p2|Heatran, M|
|poke|p2|Chien-Pao|
|poke|p2|Arcanine-Hisui, M|
|poke|p2|Zapdos|
|teampreview
|inactive|Battle timer is ON: inactive players will automatically lose when time's up. (requested by yaboiAshK.)
|
|t:|1685998383
|start
|switch|p1a: Iron Hands|Iron Hands|100/100
|switch|p2a: Bush did 9/11|Brambleghast, M|100/100
|turn|1
|
|t:|1685998389
|move|p2a: Bush did 9/11|Strength Sap|p1a: Iron Hands
|-unboost|p1a: Iron Hands|atk|1
|move|p1a: Iron Hands|Swords Dance|p1a: Iron Hands
|-boost|p1a: Iron Hands|atk|2
|
|upkeep
|turn|2
|
|t:|1685998395
|move|p2a: Bush did 9/11|Strength Sap|p1a: Iron Hands
|-unboost|p1a: Iron Hands|atk|1
|move|p1a: Iron Hands|Swords Dance|p1a: Iron Hands
|-boost|p1a: Iron Hands|atk|2
|
|upkeep
|turn|3
|
|t:|1685998400
|move|p2a: Bush did 9/11|Spikes|p1a: Iron Hands
|-sidestart|p1: carbonlifeformmeme|Spikes
|move|p1a: Iron Hands|Ice Punch|p2a: Bush did 9/11
|-supereffective|p2a: Bush did 9/11
|-damage|p2a: Bush did 9/11|0 fnt
|faint|p2a: Bush did 9/11
|
|upkeep
|
|t:|1685998404
|switch|p2a: Lele Prime|Enamorus, F|100/100
|turn|4
|
|t:|1685998408
|-terastallize|p1a: Iron Hands|Electric
|move|p2a: Lele Prime|Springtide Storm|p1a: Iron Hands
|-damage|p1a: Iron Hands|48/100
|move|p1a: Iron Hands|Thunder Punch|p2a: Lele Prime
|-supereffective|p2a: Lele Prime
|-damage|p2a: Lele Prime|0 fnt
|faint|p2a: Lele Prime
|
|upkeep
|
|t:|1685998413
|switch|p2a: She is the moment|Chien-Pao|100/100
|-ability|p2a: She is the moment|Sword of Ruin
|turn|5
|
|t:|1685998419
|move|p2a: She is the moment|Crunch|p1a: Iron Hands
|-damage|p1a: Iron Hands|9/100
|move|p1a: Iron Hands|Low Kick|p2a: She is the moment
|-supereffective|p2a: She is the moment
|-damage|p2a: She is the moment|0 fnt
|faint|p2a: She is the moment
|
|upkeep
|
|t:|1685998424
|switch|p2a: Thundertwat|Zapdos|100/100
|turn|6
|
|t:|1685998432
|move|p2a: Thundertwat|Heat Wave|p1a: Iron Hands
|-damage|p1a: Iron Hands|0 fnt
|faint|p1a: Iron Hands
|-end|p1a: Iron Hands|Quark Drive|[silent]
|
|upkeep
|
|t:|1685998442
|switch|p1a: Zapdos|Zapdos|100/100
|turn|7
|
|t:|1685998452
|move|p1a: Zapdos|Discharge|p2a: Thundertwat
|-damage|p2a: Thundertwat|67/100
|move|p2a: Thundertwat|Heat Wave|p1a: Zapdos
|-damage|p1a: Zapdos|74/100
|
|upkeep
|turn|8
|
|t:|1685998458
|move|p1a: Zapdos|Discharge|p2a: Thundertwat
|-damage|p2a: Thundertwat|31/100
|move|p2a: Thundertwat|Volt Switch|p1a: Zapdos
|-damage|p1a: Zapdos|46/100
|
|t:|1685998464
|switch|p2a: Good Boy|Arcanine-Hisui, M|100/100|[from] Volt Switch
|-ability|p2a: Good Boy|Intimidate|boost
|-unboost|p1a: Zapdos|atk|1
|
|upkeep
|turn|9
|
|t:|1685998476
|move|p1a: Zapdos|Discharge|p2a: Good Boy
|-damage|p2a: Good Boy|76/100
|move|p2a: Good Boy|Will-O-Wisp|p1a: Zapdos
|-status|p1a: Zapdos|brn
|
|-damage|p1a: Zapdos|40/100 brn|[from] brn
|upkeep
|turn|10
|
|t:|1685998484
|move|p1a: Zapdos|Roost|p1a: Zapdos
|-heal|p1a: Zapdos|90/100 brn
|-singleturn|p1a: Zapdos|move: Roost
|move|p2a: Good Boy|Stealth Rock|p1a: Zapdos
|-sidestart|p1: carbonlifeformmeme|move: Stealth Rock
|
|-damage|p1a: Zapdos|84/100 brn|[from] brn
|upkeep
|turn|11
|
|t:|1685998491
|move|p1a: Zapdos|Discharge|p2a: Good Boy
|-damage|p2a: Good Boy|53/100
|move|p2a: Good Boy|Power Gem|p1a: Zapdos
|-supereffective|p1a: Zapdos
|-damage|p1a: Zapdos|31/100 brn
|
|-damage|p1a: Zapdos|25/100 brn|[from] brn
|upkeep
|turn|12
|
|t:|1685998499
|switch|p2a: Thundertwat|Zapdos|31/100
|move|p1a: Zapdos|Discharge|p2a: Thundertwat
|-damage|p2a: Thundertwat|0 fnt
|faint|p2a: Thundertwat
|
|-damage|p1a: Zapdos|19/100 brn|[from] brn
|upkeep
|
|t:|1685998501
|switch|p2a: Good Boy|Arcanine-Hisui, M|53/100
|-ability|p2a: Good Boy|Intimidate|boost
|-unboost|p1a: Zapdos|atk|1
|turn|13
|
|t:|1685998509
|move|p1a: Zapdos|Discharge|p2a: Good Boy
|-damage|p2a: Good Boy|28/100
|-status|p2a: Good Boy|par
|move|p2a: Good Boy|Morning Sun|p2a: Good Boy
|-heal|p2a: Good Boy|78/100 par
|
|-damage|p1a: Zapdos|13/100 brn|[from] brn
|upkeep
|turn|14
|j| suki&hitomi
|-message|yaboiAshK. forfeited.
|
|win|carbonlifeformmeme
|raw|carbonlifeformmeme's rating: 1565 → 1589(+24 for winning)
|raw|yaboiAshK.'s rating: 1631 → 1607(-24 for losing)
|l|☆yaboiAshK.
