|j|☆Loulouflathead
|j|☆Soul of Aeon
|t:|1686001762
|gametype|singles
|player|p1|Loulouflathead|1|1065
|player|p2|Soul of Aeon|ghetsis|1055
|teamsize|p1|6
|teamsize|p2|6
|gen|9
|tier|[Gen 9] OU
|rated|
|rule|Sleep Clause Mod: Limit one foe put to sleep
|rule|Species Clause: Limit one of each Pokémon
|rule|OHKO Clause: OHKO moves are banned
|rule|Evasion Items Clause: Evasion items are banned
|rule|Evasion Moves Clause: Evasion moves are banned
|rule|Endless Battle Clause: Forcing endless battles is banned
|rule|HP Percentage Mod: HP is shown in percentages
|clearpoke
|poke|p1|Pelipper, F|
|poke|p1|Garchomp, M|
|poke|p1|Breloom, M|
|poke|p1|Basculegion-F, F|
|poke|p1|Hatterene, F|
|poke|p1|Overqwil, F|
|poke|p2|Azelf|
|poke|p2|Dondozo, F|
|poke|p2|Diancie|
|poke|p2|Goodra-Hisui, F|
|poke|p2|Hatterene, F|
|poke|p2|Ursaluna, M|
|teampreview
|inactive|Battle timer is ON: inactive players will automatically lose when time's up. (requested by Soul of Aeon)
|
|t:|1686001769
|start
|switch|p1a: Pelipper|Pelipper, F|100/100
|switch|p2a: Azelf|Azelf|100/100
|-weather|RainDance|[from] ability: Drizzle|[of] p1a: Pelipper
|turn|1
|
|t:|1686001791
|switch|p1a: Basculegion|Basculegion-F, F, shiny|100/100
|move|p2a: Azelf|Stealth Rock|p1a: Basculegion
|-sidestart|p1: Loulouflathead|move: Stealth Rock
|
|-weather|RainDance|[upkeep]
|upkeep
|turn|2
|
|t:|1686001803
|move|p1a: Basculegion|Crunch|p2a: Azelf
|-supereffective|p2a: Azelf
|-enditem|p2a: Azelf|Focus Sash
|-damage|p2a: Azelf|1/100
|-unboost|p2a: Azelf|def|1
|move|p2a: Azelf|Taunt|p1a: Basculegion
|-start|p1a: Basculegion|move: Taunt
|
|-weather|RainDance|[upkeep]
|upkeep
|turn|3
|
|t:|1686001814
|move|p1a: Basculegion|Crunch|p2a: Azelf
|-supereffective|p2a: Azelf
|-damage|p2a: Azelf|0 fnt
|faint|p2a: Azelf
|
|-weather|RainDance|[upkeep]
|upkeep
|
|t:|1686001829
|switch|p2a: Diancie|Diancie|100/100
|turn|4
|
|t:|1686001838
|switch|p1a: Pelipper|Pelipper, F|100/100
|-damage|p1a: Pelipper|76/100|[from] Stealth Rock
|switch|p2a: Dondozo|Dondozo, F|100/100
|
|-weather|RainDance|[upkeep]
|upkeep
|turn|5
|
|t:|1686001857
|switch|p1a: Breloom|Breloom, M|100/100
|-damage|p1a: Breloom|94/100|[from] Stealth Rock
|switch|p2a: Hatterene|Hatterene, F|100/100
|
|-weather|RainDance|[upkeep]
|upkeep
|turn|6
|
|t:|1686001868
|-terastallize|p1a: Breloom|Ice
|move|p1a: Breloom|Spore|p2a: Hatterene
|move|p2a: Hatterene|Spore|p1a: Breloom|[from]ability: Magic Bounce
|-status|p1a: Breloom|slp|[from] move: Spore
|move|p2a: Hatterene|Trick Room|p2a: Hatterene
|-fieldstart|move: Trick Room|[of] p2a: Hatterene
|
|-weather|RainDance|[upkeep]
|upkeep
|turn|7
|c|☆Soul of Aeon|.-.
|
|t:|1686001887
|move|p2a: Hatterene|Mystical Fire|p1a: Breloom
|-supereffective|p1a: Breloom
|-damage|p1a: Breloom|37/100 slp
|-unboost|p1a: Breloom|spa|1
|cant|p1a: Breloom|slp
|
|-weather|RainDance|[upkeep]
|upkeep
|turn|8
|-message|Loulouflathead forfeited.
|
|win|Soul of Aeon
|raw|Loulouflathead's rating: 1065 → 1045(-20 for losing)
|raw|Soul of Aeon's rating: 1055 → 1088(+33 for winning)
|l|☆Loulouflathead
