|j|☆OUDJ UU to Suspect
|j|☆JackoEk11
|t:|1685642824
|gametype|singles
|player|p1|OUDJ UU to Suspect|gardenia|2056
|player|p2|JackoEk11|cynthia-gen4|2003
|teamsize|p1|6
|teamsize|p2|6
|gen|9
|tier|[Gen 9] OU
|rated|
|rule|Sleep Clause Mod: Limit one foe put to sleep
|rule|Species Clause: Limit one of each Pokémon
|rule|OHKO Clause: OHKO moves are banned
|rule|Evasion Items Clause: Evasion items are banned
|rule|Evasion Moves Clause: Evasion moves are banned
|rule|Endless Battle Clause: Forcing endless battles is banned
|rule|HP Percentage Mod: HP is shown in percentages
|clearpoke
|poke|p1|Pelipper, M|
|poke|p1|Floatzel, F|
|poke|p1|Azumarill, F|
|poke|p1|Golduck, F|
|poke|p1|Pawmot, F|
|poke|p1|Toedscruel, F|
|poke|p2|Urshifu-*, M|
|poke|p2|Magearna|
|poke|p2|Slowking-Galar, F|
|poke|p2|Corviknight, F|
|poke|p2|Great Tusk|
|poke|p2|Dragapult, M|
|teampreview
|j| dumbfak
|inactive|Battle timer is ON: inactive players will automatically lose when time's up. (requested by OUDJ UU to Suspect)
|j| Stantler is Uber
|
|t:|1685642830
|start
|switch|p1a: Ghoti carrier|Pelipper, M|100/100
|switch|p2a: CPS|Dragapult, M|100/100
|-weather|RainDance|[from] ability: Drizzle|[of] p1a: Ghoti carrier
|turn|1
|j| kenshiro33
|j| llllllllili
|
|t:|1685642837
|move|p2a: CPS|Shadow Ball|p1a: Ghoti carrier
|-damage|p1a: Ghoti carrier|46/100
|move|p1a: Ghoti carrier|U-turn|p2a: CPS
|-resisted|p2a: CPS
|-damage|p2a: CPS|94/100
|
|t:|1685642839
|switch|p1a: Seaking Duck|Golduck, F|100/100|[from] U-turn
|
|-weather|RainDance|[upkeep]
|upkeep
|turn|2
|j| oRinNeGa7V1
|j| Flxs
|
|t:|1685642858
|switch|p2a: CORVID-19|Corviknight, F|100/100
|-ability|p2a: CORVID-19|Pressure
|move|p1a: Seaking Duck|Nasty Plot|p1a: Seaking Duck
|-boost|p1a: Seaking Duck|spa|2
|
|-weather|RainDance|[upkeep]
|upkeep
|turn|3
|j| stallobserver
|j| agamrs
|
|t:|1685642864
|move|p1a: Seaking Duck|Surf|p2a: CORVID-19
|-damage|p2a: CORVID-19|0 fnt
|faint|p2a: CORVID-19
|-damage|p1a: Seaking Duck|91/100|[from] item: Life Orb
|
|-weather|RainDance|[upkeep]
|upkeep
|j| IndeedyReedy
|
|t:|1685642872
|switch|p2a: A bit slow...|Slowking-Galar, F|100/100
|turn|4
|l| kenshiro33
|
|t:|1685642876
|-terastallize|p2a: A bit slow...|Grass
|move|p1a: Seaking Duck|Surf|p2a: A bit slow...
|-resisted|p2a: A bit slow...
|-damage|p2a: A bit slow...|65/100
|-damage|p1a: Seaking Duck|81/100|[from] item: Life Orb
|move|p2a: A bit slow...|Sludge Bomb|p1a: Seaking Duck
|-damage|p1a: Seaking Duck|33/100
|
|-weather|RainDance|[upkeep]
|upkeep
|turn|5
|j| Jontrendline
|
|t:|1685642883
|move|p1a: Seaking Duck|Ice Beam|p2a: A bit slow...
|-supereffective|p2a: A bit slow...
|-crit|p2a: A bit slow...
|-damage|p2a: A bit slow...|0 fnt
|faint|p2a: A bit slow...
|-damage|p1a: Seaking Duck|23/100|[from] item: Life Orb
|
|-weather|RainDance|[upkeep]
|upkeep
|j| UltraShonen
|
|t:|1685642888
|switch|p2a: Po|Urshifu-Rapid-Strike, M|100/100
|turn|6
|
|t:|1685642890
|move|p2a: Po|Aqua Jet|p1a: Seaking Duck
|-resisted|p1a: Seaking Duck
|-damage|p1a: Seaking Duck|0 fnt
|faint|p1a: Seaking Duck
|
|-weather|RainDance|[upkeep]
|upkeep
|
|t:|1685642893
|switch|p1a: The Goat|Azumarill, F|100/100
|turn|7
|l| agamrs
|
|t:|1685642901
|switch|p2a: Lando WHO?|Great Tusk|100/100
|move|p1a: The Goat|Belly Drum|p1a: The Goat
|-damage|p1a: The Goat|50/100
|-setboost|p1a: The Goat|atk|6|[from] move: Belly Drum
|-enditem|p1a: The Goat|Sitrus Berry|[eat]
|-heal|p1a: The Goat|75/100|[from] item: Sitrus Berry
|
|-weather|RainDance|[upkeep]
|upkeep
|turn|8
|
|t:|1685642906
|move|p1a: The Goat|Aqua Jet|p2a: Lando WHO?
|-supereffective|p2a: Lando WHO?
|-damage|p2a: Lando WHO?|0 fnt
|faint|p2a: Lando WHO?
|-end|p2a: Lando WHO?|Protosynthesis|[silent]
|
|-weather|none
|upkeep
|
|t:|1685642907
|switch|p2a: CPS|Dragapult, M|94/100
|turn|9
|c| Stantler is Uber|golduck is op
|
|t:|1685642912
|-terastallize|p1a: The Goat|Water
|move|p1a: The Goat|Aqua Jet|p2a: CPS
|-resisted|p2a: CPS
|-damage|p2a: CPS|0 fnt
|faint|p2a: CPS
|
|upkeep
|
|t:|1685642917
|switch|p2a: Po|Urshifu-Rapid-Strike, M|100/100
|turn|10
|
|t:|1685642919
|move|p2a: Po|Close Combat|p1a: The Goat
|-damage|p1a: The Goat|0 fnt
|-unboost|p2a: Po|def|1
|-unboost|p2a: Po|spd|1
|faint|p1a: The Goat
|
|upkeep
|
|t:|1685642927
|switch|p1a: Ghoti carrier|Pelipper, M|46/100
|-weather|RainDance|[from] ability: Drizzle|[of] p1a: Ghoti carrier
|turn|11
|j| Walter Wake
|inactive|JackoEk11 has 120 seconds left.
|
|t:|1685642960
|move|p2a: Po|Close Combat|p1a: Ghoti carrier
|-resisted|p1a: Ghoti carrier
|-damage|p1a: Ghoti carrier|0 fnt
|-unboost|p2a: Po|def|1
|-unboost|p2a: Po|spd|1
|faint|p1a: Ghoti carrier
|
|-weather|RainDance|[upkeep]
|upkeep
|
|t:|1685642965
|switch|p1a: BandedSkewda|Floatzel, F|100/100
|turn|12
|
|t:|1685642968
|move|p1a: BandedSkewda|Wave Crash|p2a: Po
|-resisted|p2a: Po
|-damage|p2a: Po|0 fnt
|faint|p2a: Po
|-damage|p1a: BandedSkewda|67/100|[from] Recoil
|
|-weather|RainDance|[upkeep]
|upkeep
|j| Zombini62
|
|t:|1685642970
|switch|p2a: Ban Hammer|Magearna|100/100
|turn|13
|
|t:|1685642972
|move|p1a: BandedSkewda|Wave Crash|p2a: Ban Hammer
|-crit|p2a: Ban Hammer
|-damage|p2a: Ban Hammer|0 fnt
|faint|p2a: Ban Hammer
|-damage|p1a: BandedSkewda|32/100|[from] Recoil
|
|win|OUDJ UU to Suspect
|raw|OUDJ UU to Suspect's rating: 2056 → 2073(+17 for winning)
|raw|JackoEk11's rating: 2003 → 1986(-17 for losing)
|l|☆JackoEk11
|l| IndeedyReedy
|l|☆OUDJ UU to Suspect
|l| Walter Wake
