|j|☆Vigilante V8
|j|☆ajb
|t:|1685997601
|gametype|singles
|player|p1|Vigilante V8|170|1752
|player|p2|ajb|erika|1793
|teamsize|p1|6
|teamsize|p2|6
|gen|9
|tier|[Gen 9] OU
|rated|
|rule|Sleep Clause Mod: Limit one foe put to sleep
|rule|Species Clause: Limit one of each Pokémon
|rule|OHKO Clause: OHKO moves are banned
|rule|Evasion Items Clause: Evasion items are banned
|rule|Evasion Moves Clause: Evasion moves are banned
|rule|Endless Battle Clause: Forcing endless battles is banned
|rule|HP Percentage Mod: HP is shown in percentages
|clearpoke
|poke|p1|Samurott-Hisui, M|
|poke|p1|Gholdengo|
|poke|p1|Clodsire, M|
|poke|p1|Typhlosion-Hisui, F|
|poke|p1|Corviknight, M|
|poke|p1|Zamazenta-*|
|poke|p2|Basculegion-F, F|
|poke|p2|Zamazenta-*|
|poke|p2|Scream Tail|
|poke|p2|Garganacl, M|
|poke|p2|Zapdos|
|poke|p2|Maushold|
|teampreview
|inactive|Battle timer is ON: inactive players will automatically lose when time's up. (requested by ajb)
|j| julies100thaccount
|
|t:|1685997614
|start
|switch|p1a: Typhlosion|Typhlosion-Hisui, F|100/100
|switch|p2a: Zapdos|Zapdos|100/100
|turn|1
|
|t:|1685997617
|-terastallize|p1a: Typhlosion|Fire
|move|p1a: Typhlosion|Eruption|p2a: Zapdos
|-damage|p2a: Zapdos|7/100
|move|p2a: Zapdos|Thunderbolt|p1a: Typhlosion
|-damage|p1a: Typhlosion|45/100
|
|upkeep
|turn|2
|
|t:|1685997625
|switch|p2a: Garganacl|Garganacl, M|100/100
|move|p1a: Typhlosion|Eruption|p2a: Garganacl
|-resisted|p2a: Garganacl
|-damage|p2a: Garganacl|86/100
|
|-heal|p2a: Garganacl|93/100|[from] item: Leftovers
|upkeep
|turn|3
|
|t:|1685997633
|switch|p1a: Gholdengo|Gholdengo|100/100
|move|p2a: Garganacl|Stealth Rock|p1a: Gholdengo
|-sidestart|p1: Vigilante V8|move: Stealth Rock
|
|-heal|p2a: Garganacl|99/100|[from] item: Leftovers
|upkeep
|turn|4
|
|t:|1685997637
|switch|p2a: Zapdos|Zapdos|7/100
|move|p1a: Gholdengo|Trick|p2a: Zapdos
|-activate|p1a: Gholdengo|move: Trick|[of] p2a: Zapdos
|-item|p2a: Zapdos|Choice Scarf|[from] move: Trick
|-item|p1a: Gholdengo|Heavy-Duty Boots|[from] move: Trick
|
|upkeep
|turn|5
|j| 02xygen_
|
|t:|1685997640
|move|p2a: Zapdos|Volt Switch|p1a: Gholdengo
|-damage|p1a: Gholdengo|62/100
|
|t:|1685997644
|switch|p2a: Basculegion|Basculegion-F, F|100/100|[from] Volt Switch
|move|p1a: Gholdengo|Shadow Ball|p2a: Basculegion
|-supereffective|p2a: Basculegion
|-damage|p2a: Basculegion|1/100
|
|upkeep
|turn|6
|j| Diegogris
|
|t:|1685997652
|switch|p2a: Maushold|Maushold|100/100
|move|p1a: Gholdengo|Shadow Ball|p2a: Maushold
|-immune|p2a: Maushold
|
|upkeep
|turn|7
|
|t:|1685997657
|switch|p1a: Corviknight|Corviknight, M|100/100
|-damage|p1a: Corviknight|88/100|[from] Stealth Rock
|move|p2a: Maushold|Tidy Up|p2a: Maushold
|-sideend|p1: Vigilante V8|Stealth Rock
|-activate|p2a: Maushold|move: Tidy Up
|-boost|p2a: Maushold|atk|1
|-boost|p2a: Maushold|spe|1
|
|upkeep
|turn|8
|
|t:|1685997663
|-terastallize|p2a: Maushold|Ghost
|move|p2a: Maushold|Tidy Up|p2a: Maushold
|-boost|p2a: Maushold|atk|1
|-boost|p2a: Maushold|spe|1
|move|p1a: Corviknight|Body Press|p2a: Maushold
|-immune|p2a: Maushold
|
|upkeep
|turn|9
|
|t:|1685997667
|move|p2a: Maushold|Encore|p1a: Corviknight
|-start|p1a: Corviknight|Encore
|move|p1a: Corviknight|Body Press|p2a: Maushold
|-immune|p2a: Maushold
|
|upkeep
|turn|10
|
|t:|1685997673
|switch|p1a: THE ROOK|Zamazenta|100/100
|-ability|p1a: THE ROOK|Dauntless Shield|boost
|-boost|p1a: THE ROOK|def|1
|move|p2a: Maushold|Tidy Up|p2a: Maushold
|-boost|p2a: Maushold|atk|1
|-boost|p2a: Maushold|spe|1
|
|upkeep
|turn|11
|
|t:|1685997677
|move|p2a: Maushold|Population Bomb|p1a: THE ROOK
|-damage|p1a: THE ROOK|86/100
|-damage|p1a: THE ROOK|72/100
|-damage|p1a: THE ROOK|60/100
|-damage|p1a: THE ROOK|45/100
|-damage|p1a: THE ROOK|30/100
|-damage|p1a: THE ROOK|16/100
|-damage|p1a: THE ROOK|2/100
|-damage|p1a: THE ROOK|0 fnt
|faint|p1a: THE ROOK
|-hitcount|p1: THE ROOK|8
|
|upkeep
|-message|Vigilante V8 forfeited.
|
|win|ajb
|raw|Vigilante V8's rating: 1752 → 1734(-18 for losing)
|raw|ajb's rating: 1793 → 1811(+18 for winning)
|l|☆Vigilante V8
|l|☆ajb
|l| julies100thaccount
|l| 02xygen_
|j| Noct09
|j| ze xauk
|l| ze xauk
|j| Zon2023
|l| Zon2023
|j| Exi0022
|l| Exi0022
