|j|☆AviAtHome
|j|☆lololal
|t:|1686000892
|gametype|singles
|player|p1|AviAtHome|fisherman-gen4|1354
|player|p2|lololal|steven|1334
|teamsize|p1|6
|teamsize|p2|6
|gen|9
|tier|[Gen 9] OU
|rated|
|rule|Sleep Clause Mod: Limit one foe put to sleep
|rule|Species Clause: Limit one of each Pokémon
|rule|OHKO Clause: OHKO moves are banned
|rule|Evasion Items Clause: Evasion items are banned
|rule|Evasion Moves Clause: Evasion moves are banned
|rule|Endless Battle Clause: Forcing endless battles is banned
|rule|HP Percentage Mod: HP is shown in percentages
|clearpoke
|poke|p1|Urshifu-*, M|
|poke|p1|Slowking-Galar, M|
|poke|p1|Zapdos|
|poke|p1|Great Tusk|
|poke|p1|Hoopa-Unbound|
|poke|p1|Rotom-Wash|
|poke|p2|Hatterene, F|
|poke|p2|Glastrier|
|poke|p2|Ursaluna, M|
|poke|p2|Slowbro, M|
|poke|p2|Dragapult, M|
|poke|p2|Garganacl, F|
|teampreview
|inactive|Battle timer is ON: inactive players will automatically lose when time's up. (requested by AviAtHome)
|
|t:|1686000909
|start
|switch|p1a: Great Tusk|Great Tusk|100/100
|switch|p2a: Hatterene|Hatterene, F|100/100
|turn|1
|
|t:|1686000919
|-end|p1a: Great Tusk|Protosynthesis|[silent]
|switch|p1a: Slowking|Slowking-Galar, M|100/100
|move|p2a: Hatterene|Trick Room|p2a: Hatterene
|-fieldstart|move: Trick Room|[of] p2a: Hatterene
|
|upkeep
|turn|2
|
|t:|1686000929
|switch|p2a: Glastrier|Glastrier|100/100
|move|p1a: Slowking|Future Sight|p2a: Glastrier
|-start|p1a: Slowking|move: Future Sight
|
|upkeep
|turn|3
|
|t:|1686000934
|move|p2a: Glastrier|Substitute|p2a: Glastrier
|-start|p2a: Glastrier|Substitute
|-damage|p2a: Glastrier|76/100
|move|p1a: Slowking|Flamethrower|p2a: Glastrier
|-supereffective|p2a: Glastrier
|-end|p2a: Glastrier|Substitute
|
|-heal|p2a: Glastrier|82/100|[from] item: Leftovers
|upkeep
|turn|4
|
|t:|1686000937
|move|p2a: Glastrier|Substitute|p2a: Glastrier
|-start|p2a: Glastrier|Substitute
|-damage|p2a: Glastrier|57/100
|move|p1a: Slowking|Flamethrower|p2a: Glastrier
|-supereffective|p2a: Glastrier
|-end|p2a: Glastrier|Substitute
|
|-end|p2a: Glastrier|move: Future Sight
|-damage|p2a: Glastrier|20/100
|-heal|p2a: Glastrier|26/100|[from] item: Leftovers
|upkeep
|turn|5
|
|t:|1686000944
|move|p2a: Glastrier|Stomping Tantrum|p1a: Slowking
|-supereffective|p1a: Slowking
|-damage|p1a: Slowking|47/100
|move|p1a: Slowking|Flamethrower|p2a: Glastrier
|-supereffective|p2a: Glastrier
|-damage|p2a: Glastrier|0 fnt
|faint|p2a: Glastrier
|
|-fieldend|move: Trick Room
|upkeep
|
|t:|1686000952
|switch|p2a: Hatterene|Hatterene, F|100/100
|turn|6
|
|t:|1686000961
|switch|p1a: Great Tusk|Great Tusk|100/100
|move|p2a: Hatterene|Trick Room|p2a: Hatterene
|-fieldstart|move: Trick Room|[of] p2a: Hatterene
|
|upkeep
|turn|7
|
|t:|1686000965
|move|p2a: Hatterene|Draining Kiss|p1a: Great Tusk
|-supereffective|p1a: Great Tusk
|-damage|p1a: Great Tusk|17/100
|move|p1a: Great Tusk|Knock Off|p2a: Hatterene
|-damage|p2a: Hatterene|66/100
|-enditem|p2a: Hatterene|Focus Sash|[from] move: Knock Off|[of] p1a: Great Tusk
|
|-heal|p1a: Great Tusk|23/100|[from] item: Leftovers
|upkeep
|turn|8
|
|t:|1686000973
|-end|p1a: Great Tusk|Protosynthesis|[silent]
|switch|p1a: Rotom|Rotom-Wash|100/100
|move|p2a: Hatterene|Draining Kiss|p1a: Rotom
|-damage|p1a: Rotom|67/100
|-heal|p2a: Hatterene|90/100|[from] drain|[of] p1a: Rotom
|
|-heal|p1a: Rotom|73/100|[from] item: Leftovers
|upkeep
|turn|9
|
|t:|1686000978
|move|p2a: Hatterene|Calm Mind|p2a: Hatterene
|-boost|p2a: Hatterene|spa|1
|-boost|p2a: Hatterene|spd|1
|move|p1a: Rotom|Volt Switch|p2a: Hatterene
|-damage|p2a: Hatterene|72/100
|
|t:|1686000987
|switch|p1a: Slowking|Slowking-Galar, M|80/100|[from] Volt Switch
|
|upkeep
|turn|10
|
|t:|1686000992
|move|p2a: Hatterene|Calm Mind|p2a: Hatterene
|-boost|p2a: Hatterene|spa|1
|-boost|p2a: Hatterene|spd|1
|move|p1a: Slowking|Sludge Bomb|p2a: Hatterene
|-supereffective|p2a: Hatterene
|-damage|p2a: Hatterene|36/100
|
|-fieldend|move: Trick Room
|upkeep
|turn|11
|
|t:|1686001002
|move|p1a: Slowking|Sludge Bomb|p2a: Hatterene
|-supereffective|p2a: Hatterene
|-crit|p2a: Hatterene
|-damage|p2a: Hatterene|0 fnt
|faint|p2a: Hatterene
|
|upkeep
|
|t:|1686001008
|switch|p2a: Ursaluna|Ursaluna, M|100/100
|turn|12
|
|t:|1686001014
|switch|p2a: Dragapult|Dragapult, M|100/100
|move|p1a: Slowking|Future Sight|p2a: Dragapult
|-start|p1a: Slowking|move: Future Sight
|
|upkeep
|turn|13
|
|t:|1686001021
|switch|p1a: Great Tusk|Great Tusk|23/100
|move|p2a: Dragapult|Light Screen|p2a: Dragapult
|-sidestart|p2: lololal|move: Light Screen
|
|-heal|p1a: Great Tusk|30/100|[from] item: Leftovers
|upkeep
|turn|14
|
|t:|1686001031
|move|p2a: Dragapult|Will-O-Wisp|p1a: Great Tusk|[miss]
|-miss|p2a: Dragapult|p1a: Great Tusk
|move|p1a: Great Tusk|Knock Off|p2a: Dragapult
|-supereffective|p2a: Dragapult
|-damage|p2a: Dragapult|32/100
|-enditem|p2a: Dragapult|Light Clay|[from] move: Knock Off|[of] p1a: Great Tusk
|
|-end|p2a: Dragapult|move: Future Sight
|-damage|p2a: Dragapult|6/100
|-heal|p1a: Great Tusk|36/100|[from] item: Leftovers
|upkeep
|turn|15
|
|t:|1686001039
|move|p2a: Dragapult|Reflect|p2a: Dragapult
|-sidestart|p2: lololal|Reflect
|move|p1a: Great Tusk|Stealth Rock|p2a: Dragapult
|-sidestart|p2: lololal|move: Stealth Rock
|
|-heal|p1a: Great Tusk|42/100|[from] item: Leftovers
|upkeep
|turn|16
|
|t:|1686001041
|move|p2a: Dragapult|Will-O-Wisp|p1a: Great Tusk
|-status|p1a: Great Tusk|brn
|move|p1a: Great Tusk|Knock Off|p2a: Dragapult
|-supereffective|p2a: Dragapult
|-damage|p2a: Dragapult|0 fnt
|faint|p2a: Dragapult
|
|-heal|p1a: Great Tusk|48/100 brn|[from] item: Leftovers
|-damage|p1a: Great Tusk|42/100 brn|[from] brn
|upkeep
|
|t:|1686001043
|switch|p2a: Ursaluna|Ursaluna, M|100/100
|-damage|p2a: Ursaluna|94/100|[from] Stealth Rock
|turn|17
|
|t:|1686001047
|move|p1a: Great Tusk|Knock Off|p2a: Ursaluna
|-damage|p2a: Ursaluna|89/100
|-enditem|p2a: Ursaluna|Flame Orb|[from] move: Knock Off|[of] p1a: Great Tusk
|move|p2a: Ursaluna|Swords Dance|p2a: Ursaluna
|-boost|p2a: Ursaluna|atk|2
|
|-heal|p1a: Great Tusk|48/100 brn|[from] item: Leftovers
|-damage|p1a: Great Tusk|42/100 brn|[from] brn
|upkeep
|turn|18
|
|t:|1686001058
|move|p1a: Great Tusk|Earthquake|p2a: Ursaluna
|-damage|p2a: Ursaluna|82/100
|move|p2a: Ursaluna|Facade|p1a: Great Tusk
|-damage|p1a: Great Tusk|0 fnt
|faint|p1a: Great Tusk
|-end|p1a: Great Tusk|Protosynthesis|[silent]
|
|upkeep
|
|t:|1686001063
|switch|p1a: Hoopa|Hoopa-Unbound|100/100
|turn|19
|l|☆lololal
|inactive|lololal disconnected and has a minute to reconnect!
|player|p2|
|j|☆lololal
|inactive|lololal reconnected and has 130 seconds left.
|player|p2|lololal|steven
|
|t:|1686001090
|move|p1a: Hoopa|Brick Break|p2a: Ursaluna
|-sideend|p2: lololal|Reflect
|-sideend|p2: lololal|move: Light Screen
|-supereffective|p2a: Ursaluna
|-damage|p2a: Ursaluna|40/100
|move|p2a: Ursaluna|Facade|p1a: Hoopa
|-damage|p1a: Hoopa|0 fnt
|faint|p1a: Hoopa
|
|upkeep
|
|t:|1686001102
|switch|p1a: Rotom|Rotom-Wash|73/100
|turn|20
|
|t:|1686001106
|move|p1a: Rotom|Hydro Pump|p2a: Ursaluna
|-supereffective|p2a: Ursaluna
|-damage|p2a: Ursaluna|0 fnt
|faint|p2a: Ursaluna
|
|-heal|p1a: Rotom|79/100|[from] item: Leftovers
|upkeep
|
|t:|1686001108
|switch|p2a: Slowbro|Slowbro, M|100/100
|-damage|p2a: Slowbro|88/100|[from] Stealth Rock
|turn|21
|
|t:|1686001111
|move|p1a: Rotom|Thunder Wave|p2a: Slowbro
|-status|p2a: Slowbro|par
|move|p2a: Slowbro|Trick Room|p2a: Slowbro
|-fieldstart|move: Trick Room|[of] p2a: Slowbro
|
|-heal|p2a: Slowbro|94/100 par|[from] item: Leftovers
|-heal|p1a: Rotom|86/100|[from] item: Leftovers
|upkeep
|turn|22
|
|t:|1686001118
|move|p2a: Slowbro|Calm Mind|p2a: Slowbro
|-boost|p2a: Slowbro|spa|1
|-boost|p2a: Slowbro|spd|1
|move|p1a: Rotom|Hydro Pump|p2a: Slowbro|[miss]
|-miss|p1a: Rotom|p2a: Slowbro
|
|-heal|p2a: Slowbro|99/100 par|[from] item: Leftovers
|-heal|p1a: Rotom|92/100|[from] item: Leftovers
|upkeep
|turn|23
|
|t:|1686001135
|move|p2a: Slowbro|Calm Mind|p2a: Slowbro
|-boost|p2a: Slowbro|spa|1
|-boost|p2a: Slowbro|spd|1
|move|p1a: Rotom|Volt Switch|p2a: Slowbro
|-supereffective|p2a: Slowbro
|-damage|p2a: Slowbro|75/100 par
|
|t:|1686001150
|switch|p1a: Zapdos|Zapdos|100/100|[from] Volt Switch
|
|-heal|p2a: Slowbro|81/100 par|[from] item: Leftovers
|upkeep
|turn|24
|
|t:|1686001158
|cant|p2a: Slowbro|par
|move|p1a: Zapdos|Volt Switch|p2a: Slowbro
|-supereffective|p2a: Slowbro
|-damage|p2a: Slowbro|38/100 par
|
|t:|1686001161
|switch|p1a: Rotom|Rotom-Wash|92/100|[from] Volt Switch
|
|-heal|p2a: Slowbro|44/100 par|[from] item: Leftovers
|-heal|p1a: Rotom|98/100|[from] item: Leftovers
|upkeep
|turn|25
|
|t:|1686001170
|move|p2a: Slowbro|Hydro Pump|p1a: Rotom
|-resisted|p1a: Rotom
|-damage|p1a: Rotom|39/100
|move|p1a: Rotom|Volt Switch|p2a: Slowbro
|-supereffective|p2a: Slowbro
|-damage|p2a: Slowbro|20/100 par
|
|t:|1686001175
|switch|p1a: Zapdos|Zapdos|100/100|[from] Volt Switch
|
|-heal|p2a: Slowbro|26/100 par|[from] item: Leftovers
|-fieldend|move: Trick Room
|upkeep
|turn|26
|
|t:|1686001182
|switch|p1a: Urshifu|Urshifu-Rapid-Strike, M|100/100
|cant|p2a: Slowbro|par
|
|-heal|p2a: Slowbro|32/100 par|[from] item: Leftovers
|upkeep
|turn|27
|
|t:|1686001190
|move|p1a: Urshifu|U-turn|p2a: Slowbro
|-supereffective|p2a: Slowbro
|-damage|p2a: Slowbro|0 fnt
|faint|p2a: Slowbro
|
|t:|1686001193
|switch|p1a: Rotom|Rotom-Wash|39/100|[from] U-turn
|
|-heal|p1a: Rotom|46/100|[from] item: Leftovers
|upkeep
|
|t:|1686001200
|switch|p2a: Garganacl|Garganacl, F|100/100
|-damage|p2a: Garganacl|88/100|[from] Stealth Rock
|turn|28
|
|t:|1686001203
|-terastallize|p2a: Garganacl|Fairy
|move|p1a: Rotom|Hydro Pump|p2a: Garganacl
|-damage|p2a: Garganacl|54/100
|move|p2a: Garganacl|Salt Cure|p1a: Rotom
|-damage|p1a: Rotom|34/100
|-start|p1a: Rotom|Salt Cure
|
|-heal|p1a: Rotom|40/100|[from] item: Leftovers
|-heal|p2a: Garganacl|60/100|[from] item: Leftovers
|-damage|p1a: Rotom|15/100|[from] Salt Cure
|upkeep
|turn|29
|
|t:|1686001212
|move|p1a: Rotom|Volt Switch|p2a: Garganacl
|-damage|p2a: Garganacl|38/100
|
|t:|1686001214
|switch|p1a: Slowking|Slowking-Galar, M|100/100|[from] Volt Switch
|move|p2a: Garganacl|Recover|p2a: Garganacl
|-heal|p2a: Garganacl|88/100
|
|-heal|p2a: Garganacl|94/100|[from] item: Leftovers
|upkeep
|turn|30
|
|t:|1686001219
|move|p1a: Slowking|Sludge Bomb|p2a: Garganacl
|-supereffective|p2a: Garganacl
|-damage|p2a: Garganacl|30/100
|move|p2a: Garganacl|Salt Cure|p1a: Slowking
|-damage|p1a: Slowking|85/100
|-start|p1a: Slowking|Salt Cure
|
|-heal|p2a: Garganacl|36/100|[from] item: Leftovers
|-damage|p1a: Slowking|73/100|[from] Salt Cure
|upkeep
|turn|31
|-message|lololal forfeited.
|
|win|AviAtHome
|raw|AviAtHome's rating: 1354 → 1373(+19 for winning)
|raw|lololal's rating: 1334 → 1315(-19 for losing)
|l|☆lololal
