|j|☆bao zhilan
|j|☆slwoboiz
|t:|1686013284
|gametype|singles
|player|p1|bao zhilan|giovanni|1232
|player|p2|slwoboiz|hiker-gen4|1271
|teamsize|p1|6
|teamsize|p2|6
|gen|9
|tier|[Gen 9] OU
|rated|
|rule|Sleep Clause Mod: Limit one foe put to sleep
|rule|Species Clause: Limit one of each Pokémon
|rule|OHKO Clause: OHKO moves are banned
|rule|Evasion Items Clause: Evasion items are banned
|rule|Evasion Moves Clause: Evasion moves are banned
|rule|Endless Battle Clause: Forcing endless battles is banned
|rule|HP Percentage Mod: HP is shown in percentages
|clearpoke
|poke|p1|Enamorus-Therian, F|
|poke|p1|Scream Tail|
|poke|p1|Great Tusk|
|poke|p1|Skeledirge, F|
|poke|p1|Meloetta|
|poke|p1|Urshifu-*, M|
|poke|p2|Polteageist|
|poke|p2|Ceruledge, F|
|poke|p2|Gholdengo|
|poke|p2|Kleavor, F|
|poke|p2|Breloom, F|
|poke|p2|Torkoal, M|
|teampreview
|
|t:|1686013311
|start
|switch|p1a: Scream Tail|Scream Tail|100/100
|switch|p2a: Kleavor|Kleavor, F, shiny|100/100
|turn|1
|
|t:|1686013330
|move|p2a: Kleavor|Stone Axe|p1a: Scream Tail
|-damage|p1a: Scream Tail|58/100
|-sidestart|p1: bao zhilan|move: Stealth Rock
|move|p1a: Scream Tail|Stealth Rock|p2a: Kleavor
|-sidestart|p2: slwoboiz|move: Stealth Rock
|
|-heal|p1a: Scream Tail|64/100|[from] item: Leftovers
|upkeep
|turn|2
|
|t:|1686013341
|move|p2a: Kleavor|Swords Dance|p2a: Kleavor
|-boost|p2a: Kleavor|atk|2
|move|p1a: Scream Tail|Psychic|p2a: Kleavor
|-crit|p2a: Kleavor
|-damage|p2a: Kleavor|44/100
|
|-heal|p1a: Scream Tail|71/100|[from] item: Leftovers
|upkeep
|turn|3
|inactive|Battle timer is ON: inactive players will automatically lose when time's up. (requested by slwoboiz)
|
|t:|1686013362
|move|p2a: Kleavor|X-Scissor|p1a: Scream Tail
|-damage|p1a: Scream Tail|0 fnt
|faint|p1a: Scream Tail
|-end|p1a: Scream Tail|Protosynthesis|[silent]
|
|upkeep
|
|t:|1686013383
|switch|p1a: Urshifu|Urshifu-Rapid-Strike, M|100/100
|-damage|p1a: Urshifu|94/100|[from] Stealth Rock
|turn|4
|
|t:|1686013392
|move|p2a: Kleavor|Trailblaze|p1a: Urshifu
|-supereffective|p1a: Urshifu
|-damage|p1a: Urshifu|43/100
|-boost|p2a: Kleavor|spe|1
|move|p1a: Urshifu|Surging Strikes|p2a: Kleavor
|-supereffective|p2a: Kleavor
|-crit|p2a: Kleavor
|-damage|p2a: Kleavor|0 fnt
|faint|p2a: Kleavor
|-hitcount|p2: Kleavor|1
|
|-heal|p1a: Urshifu|49/100|[from] item: Leftovers
|upkeep
|
|t:|1686013395
|switch|p2a: Torkoal|Torkoal, M|100/100
|-damage|p2a: Torkoal|76/100|[from] Stealth Rock
|-weather|SunnyDay|[from] ability: Drought|[of] p2a: Torkoal
|turn|5
|inactive|bao zhilan has 120 seconds left.
|
|t:|1686013430
|move|p1a: Urshifu|Surging Strikes|p2a: Torkoal
|-supereffective|p2a: Torkoal
|-crit|p2a: Torkoal
|-damage|p2a: Torkoal|67/100
|-supereffective|p2a: Torkoal
|-crit|p2a: Torkoal
|-damage|p2a: Torkoal|58/100
|-supereffective|p2a: Torkoal
|-crit|p2a: Torkoal
|-damage|p2a: Torkoal|49/100
|-hitcount|p2a: Torkoal|3
|move|p2a: Torkoal|Rapid Spin|p1a: Urshifu
|-damage|p1a: Urshifu|44/100
|-boost|p2a: Torkoal|spe|1
|-sideend|p2: slwoboiz|Stealth Rock|[from] move: Rapid Spin|[of] p2a: Torkoal
|
|-weather|SunnyDay|[upkeep]
|-heal|p1a: Urshifu|50/100|[from] item: Leftovers
|upkeep
|turn|6
|inactive|bao zhilan has 120 seconds left.
|
|t:|1686013448
|move|p1a: Urshifu|Body Press|p2a: Torkoal
|-damage|p2a: Torkoal|28/100
|move|p2a: Torkoal|Yawn|p1a: Urshifu
|-start|p1a: Urshifu|move: Yawn|[of] p2a: Torkoal
|
|-weather|SunnyDay|[upkeep]
|-heal|p1a: Urshifu|56/100|[from] item: Leftovers
|upkeep
|turn|7
|
|t:|1686013461
|switch|p1a: Skeledirge|Skeledirge, F|100/100
|move|p2a: Torkoal|Yawn|p1a: Skeledirge
|-start|p1a: Skeledirge|move: Yawn|[of] p2a: Torkoal
|
|-weather|SunnyDay|[upkeep]
|upkeep
|turn|8
|
|t:|1686013474
|switch|p1a: Urshifu|Urshifu-Rapid-Strike, M|56/100
|-damage|p1a: Urshifu|50/100|[from] Stealth Rock
|move|p2a: Torkoal|Yawn|p1a: Urshifu
|-start|p1a: Urshifu|move: Yawn|[of] p2a: Torkoal
|
|-weather|SunnyDay|[upkeep]
|-heal|p1a: Urshifu|56/100|[from] item: Leftovers
|upkeep
|turn|9
|inactive|bao zhilan has 120 seconds left.
|
|t:|1686013486
|switch|p1a: Skeledirge|Skeledirge, F|100/100
|move|p2a: Torkoal|Yawn|p1a: Skeledirge
|-start|p1a: Skeledirge|move: Yawn|[of] p2a: Torkoal
|
|-weather|SunnyDay|[upkeep]
|upkeep
|turn|10
|inactive|bao zhilan has 120 seconds left.
|
|t:|1686013496
|switch|p1a: Urshifu|Urshifu-Rapid-Strike, M|56/100
|-damage|p1a: Urshifu|50/100|[from] Stealth Rock
|move|p2a: Torkoal|Yawn|p1a: Urshifu
|-start|p1a: Urshifu|move: Yawn|[of] p2a: Torkoal
|
|-weather|SunnyDay|[upkeep]
|-heal|p1a: Urshifu|56/100|[from] item: Leftovers
|upkeep
|turn|11
|
|t:|1686013505
|switch|p1a: Skeledirge|Skeledirge, F|100/100
|move|p2a: Torkoal|Yawn|p1a: Skeledirge
|-start|p1a: Skeledirge|move: Yawn|[of] p2a: Torkoal
|
|-weather|SunnyDay|[upkeep]
|upkeep
|turn|12
|
|t:|1686013511
|switch|p1a: Urshifu|Urshifu-Rapid-Strike, M|56/100
|-damage|p1a: Urshifu|50/100|[from] Stealth Rock
|move|p2a: Torkoal|Yawn|p1a: Urshifu
|-start|p1a: Urshifu|move: Yawn|[of] p2a: Torkoal
|
|-weather|none
|-heal|p1a: Urshifu|56/100|[from] item: Leftovers
|upkeep
|turn|13
|
|t:|1686013520
|switch|p1a: Skeledirge|Skeledirge, F|100/100
|move|p2a: Torkoal|Yawn|p1a: Skeledirge
|-start|p1a: Skeledirge|move: Yawn|[of] p2a: Torkoal
|
|upkeep
|turn|14
|
|t:|1686013526
|switch|p1a: Urshifu|Urshifu-Rapid-Strike, M|56/100
|-damage|p1a: Urshifu|50/100|[from] Stealth Rock
|move|p2a: Torkoal|Yawn|p1a: Urshifu
|-start|p1a: Urshifu|move: Yawn|[of] p2a: Torkoal
|
|-heal|p1a: Urshifu|56/100|[from] item: Leftovers
|upkeep
|turn|15
|
|t:|1686013534
|switch|p1a: Skeledirge|Skeledirge, F|100/100
|move|p2a: Torkoal|Yawn|p1a: Skeledirge
|-start|p1a: Skeledirge|move: Yawn|[of] p2a: Torkoal
|
|upkeep
|turn|16
|
|t:|1686013540
|switch|p1a: Urshifu|Urshifu-Rapid-Strike, M|56/100
|-damage|p1a: Urshifu|50/100|[from] Stealth Rock
|switch|p2a: Gholdengo|Gholdengo|100/100
|
|-heal|p1a: Urshifu|56/100|[from] item: Leftovers
|upkeep
|turn|17
|
|t:|1686013551
|switch|p1a: Skeledirge|Skeledirge, F|100/100
|move|p2a: Gholdengo|Make It Rain|p1a: Skeledirge
|-resisted|p1a: Skeledirge
|-damage|p1a: Skeledirge|79/100
|-unboost|p2a: Gholdengo|spa|1
|
|upkeep
|turn|18
|
|t:|1686013562
|switch|p2a: Breloom|Breloom, F|100/100
|move|p1a: Skeledirge|Torch Song|p2a: Breloom
|-supereffective|p2a: Breloom
|-damage|p2a: Breloom|0 fnt
|-boost|p1a: Skeledirge|spa|1
|faint|p2a: Breloom
|
|upkeep
|
|t:|1686013569
|switch|p2a: Gholdengo|Gholdengo|100/100
|turn|19
|
|t:|1686013576
|move|p2a: Gholdengo|Trick|p1a: Skeledirge
|-activate|p2a: Gholdengo|move: Trick|[of] p1a: Skeledirge
|-item|p1a: Skeledirge|Choice Scarf|[from] move: Trick
|-item|p2a: Gholdengo|Heavy-Duty Boots|[from] move: Trick
|move|p1a: Skeledirge|Torch Song|p2a: Gholdengo
|-supereffective|p2a: Gholdengo
|-damage|p2a: Gholdengo|0 fnt
|-boost|p1a: Skeledirge|spa|1
|faint|p2a: Gholdengo
|
|upkeep
|
|t:|1686013585
|switch|p2a: Polteageist|Polteageist|100/100
|turn|20
|
|t:|1686013608
|switch|p1a: Meloetta|Meloetta|100/100
|-damage|p1a: Meloetta|88/100|[from] Stealth Rock
|move|p2a: Polteageist|Shell Smash|p2a: Polteageist
|-unboost|p2a: Polteageist|def|1
|-unboost|p2a: Polteageist|spd|1
|-boost|p2a: Polteageist|atk|2
|-boost|p2a: Polteageist|spa|2
|-boost|p2a: Polteageist|spe|2
|
|upkeep
|turn|21
|
|t:|1686013618
|move|p2a: Polteageist|Stored Power|p1a: Meloetta
|-resisted|p1a: Meloetta
|-damage|p1a: Meloetta|65/100
|move|p1a: Meloetta|Shadow Ball|p2a: Polteageist
|-supereffective|p2a: Polteageist
|-enditem|p2a: Polteageist|Focus Sash
|-damage|p2a: Polteageist|1/100
|-unboost|p2a: Polteageist|spd|1
|
|upkeep
|turn|22
|
|t:|1686013634
|-terastallize|p2a: Polteageist|Fairy
|move|p2a: Polteageist|Tera Blast|p1a: Meloetta
|-damage|p1a: Meloetta|20/100
|move|p1a: Meloetta|Shadow Ball|p2a: Polteageist
|-damage|p2a: Polteageist|0 fnt
|faint|p2a: Polteageist
|
|upkeep
|
|t:|1686013638
|switch|p2a: Ceruledge|Ceruledge, F|100/100
|turn|23
|
|t:|1686013644
|move|p2a: Ceruledge|Bitter Blade|p1a: Meloetta
|-damage|p1a: Meloetta|0 fnt
|faint|p1a: Meloetta
|
|upkeep
|
|t:|1686013655
|switch|p1a: Urshifu|Urshifu-Rapid-Strike, M|56/100
|-damage|p1a: Urshifu|50/100|[from] Stealth Rock
|turn|24
|
|t:|1686013662
|switch|p2a: Torkoal|Torkoal, M|28/100
|-weather|SunnyDay|[from] ability: Drought|[of] p2a: Torkoal
|move|p1a: Urshifu|Surging Strikes|p2a: Torkoal
|-supereffective|p2a: Torkoal
|-crit|p2a: Torkoal
|-damage|p2a: Torkoal|19/100
|-supereffective|p2a: Torkoal
|-crit|p2a: Torkoal
|-damage|p2a: Torkoal|9/100
|-supereffective|p2a: Torkoal
|-crit|p2a: Torkoal
|-damage|p2a: Torkoal|0 fnt
|faint|p2a: Torkoal
|-hitcount|p2: Torkoal|3
|
|-weather|SunnyDay|[upkeep]
|-heal|p1a: Urshifu|56/100|[from] item: Leftovers
|upkeep
|
|t:|1686013665
|switch|p2a: Ceruledge|Ceruledge, F|100/100
|turn|25
|
|t:|1686013677
|move|p2a: Ceruledge|Swords Dance|p2a: Ceruledge
|-boost|p2a: Ceruledge|atk|2
|move|p1a: Urshifu|Surging Strikes|p2a: Ceruledge
|-supereffective|p2a: Ceruledge
|-crit|p2a: Ceruledge
|-damage|p2a: Ceruledge|79/100
|-ability|p2a: Ceruledge|Weak Armor|boost
|-unboost|p2a: Ceruledge|def|1
|-boost|p2a: Ceruledge|spe|2
|-supereffective|p2a: Ceruledge
|-crit|p2a: Ceruledge
|-damage|p2a: Ceruledge|46/100
|-ability|p2a: Ceruledge|Weak Armor|boost
|-unboost|p2a: Ceruledge|def|1
|-boost|p2a: Ceruledge|spe|2
|-supereffective|p2a: Ceruledge
|-crit|p2a: Ceruledge
|-damage|p2a: Ceruledge|0 fnt
|faint|p2a: Ceruledge
|-hitcount|p2: Ceruledge|3
|
|win|bao zhilan
|raw|bao zhilan's rating: 1232 → 1260(+28 for winning)
|raw|slwoboiz's rating: 1271 → 1243(-28 for losing)
|l|☆slwoboiz
