|j|☆Nintarona
|j|☆Stowlas
|t:|1685998962
|gametype|singles
|player|p1|Nintarona|roxie|1138
|player|p2|Stowlas|giovanni|1055
|teamsize|p1|6
|teamsize|p2|6
|gen|9
|tier|[Gen 9] OU
|rated|
|rule|Sleep Clause Mod: Limit one foe put to sleep
|rule|Species Clause: Limit one of each Pokémon
|rule|OHKO Clause: OHKO moves are banned
|rule|Evasion Items Clause: Evasion items are banned
|rule|Evasion Moves Clause: Evasion moves are banned
|rule|Endless Battle Clause: Forcing endless battles is banned
|rule|HP Percentage Mod: HP is shown in percentages
|clearpoke
|poke|p1|Chien-Pao|
|poke|p1|Cinderace, F|
|poke|p1|Rotom-Wash|
|poke|p1|Gholdengo|
|poke|p1|Glimmora, F|
|poke|p1|Zapdos-Galar|
|poke|p2|Sneasler, F|
|poke|p2|Rillaboom, M|
|poke|p2|Corviknight, M|
|poke|p2|Dragapult, M|
|poke|p2|Grimmsnarl, M|
|poke|p2|Azumarill, F|
|teampreview
|
|t:|1685998971
|start
|switch|p1a: Glimmora|Glimmora, F|100/100
|switch|p2a: Grimmsnarl|Grimmsnarl, M|100/100
|turn|1
|
|t:|1685998976
|move|p2a: Grimmsnarl|Trick|p1a: Glimmora
|-activate|p2a: Grimmsnarl|move: Trick|[of] p1a: Glimmora
|-item|p1a: Glimmora|Choice Band|[from] move: Trick
|-item|p2a: Grimmsnarl|Focus Sash|[from] move: Trick
|move|p1a: Glimmora|Mortal Spin|p2a: Grimmsnarl
|-supereffective|p2a: Grimmsnarl
|-damage|p2a: Grimmsnarl|79/100
|-status|p2a: Grimmsnarl|psn
|
|-damage|p2a: Grimmsnarl|67/100 psn|[from] psn
|upkeep
|turn|2
|
|t:|1685998987
|move|p2a: Grimmsnarl|Parting Shot|p1a: Glimmora
|-unboost|p1a: Glimmora|atk|1
|-unboost|p1a: Glimmora|spa|1
|
|t:|1685998991
|switch|p2a: Corviknight|Corviknight, M|100/100|[from] Parting Shot
|-ability|p2a: Corviknight|Pressure
|move|p1a: Glimmora|Mortal Spin|p2a: Corviknight
|-immune|p2a: Corviknight
|
|upkeep
|turn|3
|
|t:|1685999016
|switch|p1a: Rotom|Rotom-Wash|100/100
|switch|p2a: Sneasler|Sneasler, F|100/100
|
|upkeep
|turn|4
|
|t:|1685999026
|move|p2a: Sneasler|Dire Claw|p1a: Rotom
|-damage|p1a: Rotom|69/100
|-status|p1a: Rotom|psn
|move|p1a: Rotom|Trick|p2a: Sneasler
|-activate|p1a: Rotom|move: Trick|[of] p2a: Sneasler
|-item|p2a: Sneasler|Choice Scarf|[from] move: Trick
|-item|p1a: Rotom|Leftovers|[from] move: Trick
|
|-heal|p1a: Rotom|75/100 psn|[from] item: Leftovers
|-damage|p1a: Rotom|63/100 psn|[from] psn
|upkeep
|turn|5
|
|t:|1685999042
|move|p2a: Sneasler|Close Combat|p1a: Rotom
|-damage|p1a: Rotom|11/100 psn
|-unboost|p2a: Sneasler|def|1
|-unboost|p2a: Sneasler|spd|1
|move|p1a: Rotom|Volt Switch|p2a: Sneasler
|-damage|p2a: Sneasler|45/100
|
|t:|1685999070
|switch|p1a: Gholdengo|Gholdengo|100/100|[from] Volt Switch
|
|upkeep
|turn|6
|
|t:|1685999079
|switch|p2a: Grimmsnarl|Grimmsnarl, M|67/100 psn
|move|p1a: Gholdengo|Nasty Plot|p1a: Gholdengo
|-boost|p1a: Gholdengo|spa|2
|
|-damage|p2a: Grimmsnarl|54/100 psn|[from] psn
|upkeep
|turn|7
|
|t:|1685999090
|move|p2a: Grimmsnarl|Sucker Punch|p1a: Gholdengo
|-supereffective|p1a: Gholdengo
|-damage|p1a: Gholdengo|16/100
|move|p1a: Gholdengo|Make It Rain|p2a: Grimmsnarl
|-supereffective|p2a: Grimmsnarl
|-damage|p2a: Grimmsnarl|0 fnt
|-unboost|p1a: Gholdengo|spa|1
|faint|p2a: Grimmsnarl
|
|upkeep
|
|t:|1685999106
|switch|p2a: Sneasler|Sneasler, F|45/100
|turn|8
|
|t:|1685999117
|switch|p1a: Glimmora|Glimmora, F|100/100
|move|p2a: Sneasler|Night Slash|p1a: Glimmora
|-damage|p1a: Glimmora|69/100
|-activate|p1a: Glimmora|ability: Toxic Debris
|-sidestart|p2: Stowlas|move: Toxic Spikes
|
|upkeep
|turn|9
|
|t:|1685999125
|move|p2a: Sneasler|Night Slash|p1a: Glimmora
|-damage|p1a: Glimmora|39/100
|-activate|p1a: Glimmora|ability: Toxic Debris
|-sidestart|p2: Stowlas|move: Toxic Spikes
|move|p1a: Glimmora|Earth Power|p2a: Sneasler
|-supereffective|p2a: Sneasler
|-damage|p2a: Sneasler|0 fnt
|faint|p2a: Sneasler
|
|upkeep
|
|t:|1685999134
|switch|p2a: Corviknight|Corviknight, M|100/100
|-ability|p2a: Corviknight|Pressure
|turn|10
|
|t:|1685999145
|switch|p1a: Rotom|Rotom-Wash|11/100 psn
|move|p2a: Corviknight|Brave Bird|p1a: Rotom
|-resisted|p1a: Rotom
|-damage|p1a: Rotom|0 fnt
|faint|p1a: Rotom
|-damage|p2a: Corviknight|98/100|[from] Recoil
|
|-heal|p2a: Corviknight|100/100|[from] item: Leftovers
|upkeep
|
|t:|1685999155
|switch|p1a: Cinderace|Cinderace, F|100/100
|turn|11
|
|t:|1685999164
|-terastallize|p2a: Corviknight|Water
|move|p1a: Cinderace|Pyro Ball|p2a: Corviknight|[miss]
|-miss|p1a: Cinderace|p2a: Corviknight
|move|p2a: Corviknight|Defog|p1a: Cinderace
|-unboost|p1a: Cinderace|evasion|1
|-sideend|p2: Stowlas|Toxic Spikes|[from] move: Defog|[of] p2a: Corviknight
|
|upkeep
|turn|12
|
|t:|1685999178
|move|p1a: Cinderace|U-turn|p2a: Corviknight
|-start|p1a: Cinderace|typechange|Bug|[from] ability: Libero
|-crit|p2a: Corviknight
|-damage|p2a: Corviknight|69/100
|
|t:|1685999188
|switch|p1a: Gholdengo|Gholdengo|16/100|[from] U-turn
|move|p2a: Corviknight|U-turn|p1a: Gholdengo
|-resisted|p1a: Gholdengo
|-damage|p1a: Gholdengo|12/100
|
|t:|1685999198
|switch|p2a: Dragapult|Dragapult, M|100/100|[from] U-turn
|
|upkeep
|turn|13
|
|t:|1685999202
|move|p2a: Dragapult|Substitute|p2a: Dragapult
|-start|p2a: Dragapult|Substitute
|-damage|p2a: Dragapult|76/100
|move|p1a: Gholdengo|Shadow Ball|p2a: Dragapult
|-supereffective|p2a: Dragapult
|-end|p2a: Dragapult|Substitute
|
|-heal|p2a: Dragapult|82/100|[from] item: Leftovers
|upkeep
|turn|14
|
|t:|1685999214
|move|p2a: Dragapult|Hex|p1a: Gholdengo
|-supereffective|p1a: Gholdengo
|-damage|p1a: Gholdengo|0 fnt
|faint|p1a: Gholdengo
|
|-heal|p2a: Dragapult|88/100|[from] item: Leftovers
|upkeep
|
|t:|1685999222
|switch|p1a: Chien-Pao|Chien-Pao|100/100
|-ability|p1a: Chien-Pao|Sword of Ruin
|turn|15
|
|t:|1685999229
|switch|p2a: Azumarill|Azumarill, F|100/100
|move|p1a: Chien-Pao|Ice Shard|p2a: Azumarill
|-resisted|p2a: Azumarill
|-damage|p2a: Azumarill|88/100
|
|upkeep
|turn|16
|
|t:|1685999239
|switch|p1a: Zapdos|Zapdos-Galar|100/100
|move|p2a: Azumarill|Play Rough|p1a: Zapdos
|-supereffective|p1a: Zapdos
|-damage|p1a: Zapdos|0 fnt
|faint|p1a: Zapdos
|
|upkeep
|
|t:|1685999247
|switch|p1a: Cinderace|Cinderace, F|100/100
|turn|17
|
|t:|1685999261
|move|p1a: Cinderace|Gunk Shot|p2a: Azumarill
|-start|p1a: Cinderace|typechange|Poison|[from] ability: Libero
|-supereffective|p2a: Azumarill
|-damage|p2a: Azumarill|0 fnt
|faint|p2a: Azumarill
|
|upkeep
|
|t:|1685999272
|switch|p2a: Corviknight|Corviknight, M, tera:Water|69/100
|-ability|p2a: Corviknight|Pressure
|turn|18
|
|t:|1685999287
|move|p1a: Cinderace|U-turn|p2a: Corviknight
|-damage|p2a: Corviknight|56/100
|
|t:|1685999293
|switch|p1a: Glimmora|Glimmora, F|39/100|[from] U-turn
|move|p2a: Corviknight|Roost|p2a: Corviknight
|-heal|p2a: Corviknight|100/100
|
|upkeep
|turn|19
|
|t:|1685999300
|-terastallize|p1a: Glimmora|Grass
|move|p1a: Glimmora|Energy Ball|p2a: Corviknight
|-supereffective|p2a: Corviknight
|-damage|p2a: Corviknight|16/100
|-unboost|p2a: Corviknight|spd|1
|move|p2a: Corviknight|Brave Bird|p1a: Glimmora
|-supereffective|p1a: Glimmora
|-damage|p1a: Glimmora|0 fnt
|-activate|p1a: Glimmora|ability: Toxic Debris
|-sidestart|p2: Stowlas|move: Toxic Spikes
|faint|p1a: Glimmora
|-damage|p2a: Corviknight|7/100|[from] Recoil
|
|-heal|p2a: Corviknight|13/100|[from] item: Leftovers
|upkeep
|
|t:|1685999314
|switch|p1a: Cinderace|Cinderace, F|100/100
|turn|20
|
|t:|1685999320
|move|p1a: Cinderace|U-turn|p2a: Corviknight
|-start|p1a: Cinderace|typechange|Bug|[from] ability: Libero
|-damage|p2a: Corviknight|0 fnt
|faint|p2a: Corviknight
|
|t:|1685999325
|switch|p1a: Chien-Pao|Chien-Pao|100/100|[from] U-turn
|-ability|p1a: Chien-Pao|Sword of Ruin
|
|upkeep
|
|t:|1685999331
|switch|p2a: Dragapult|Dragapult, M|88/100
|-status|p2a: Dragapult|psn
|turn|21
|
|t:|1685999341
|move|p1a: Chien-Pao|Ice Shard|p2a: Dragapult
|-supereffective|p2a: Dragapult
|-damage|p2a: Dragapult|0 fnt
|faint|p2a: Dragapult
|
|upkeep
|-message|Stowlas forfeited.
|
|win|Nintarona
|raw|Nintarona's rating: 1138 → 1157(+19 for winning)
|raw|Stowlas's rating: 1055 → 1041(-14 for losing)
|l|☆Stowlas
