|j|☆erduashi
|j|☆coisada
|t:|1685997472
|gametype|singles
|player|p1|erduashi|raihan|1382
|player|p2|coisada|1|1306
|teamsize|p1|6
|teamsize|p2|6
|gen|9
|tier|[Gen 9] OU
|rated|
|rule|Sleep Clause Mod: Limit one foe put to sleep
|rule|Species Clause: Limit one of each Pokémon
|rule|OHKO Clause: OHKO moves are banned
|rule|Evasion Items Clause: Evasion items are banned
|rule|Evasion Moves Clause: Evasion moves are banned
|rule|Endless Battle Clause: Forcing endless battles is banned
|rule|HP Percentage Mod: HP is shown in percentages
|clearpoke
|poke|p1|Mew|
|poke|p1|Maushold|
|poke|p1|Mabosstiff, F|
|poke|p1|Moltres-Galar|
|poke|p1|Mismagius, F|
|poke|p1|Meowscarada, F|
|poke|p2|Typhlosion-Hisui, M|
|poke|p2|Zamazenta-*|
|poke|p2|Rotom-Wash|
|poke|p2|Garchomp, M|
|poke|p2|Gholdengo|
|poke|p2|Thundurus-Therian, M|
|teampreview
|inactive|Battle timer is ON: inactive players will automatically lose when time's up. (requested by erduashi)
|
|t:|1685997484
|start
|switch|p1a: Mabosstiff|Mabosstiff, F|100/100
|switch|p2a: Thundurus|Thundurus-Therian, M|100/100
|turn|1
|
|t:|1685997491
|move|p2a: Thundurus|U-turn|p1a: Mabosstiff
|-supereffective|p1a: Mabosstiff
|-damage|p1a: Mabosstiff|65/100
|
|t:|1685997494
|switch|p2a: Garchomp|Garchomp, M|100/100|[from] U-turn
|move|p1a: Mabosstiff|Scary Face|p2a: Garchomp
|-unboost|p2a: Garchomp|spe|2
|
|upkeep
|turn|2
|
|t:|1685997501
|move|p1a: Mabosstiff|Taunt|p2a: Garchomp
|-start|p2a: Garchomp|move: Taunt
|cant|p2a: Garchomp|move: Taunt|Spikes
|
|upkeep
|turn|3
|
|t:|1685997508
|move|p1a: Mabosstiff|Destiny Bond|p1a: Mabosstiff
|-singlemove|p1a: Mabosstiff|Destiny Bond
|move|p2a: Garchomp|Dragon Tail|p1a: Mabosstiff
|-damage|p1a: Mabosstiff|33/100
|-activate|p1a: Mabosstiff|ability: Guard Dog
|
|upkeep
|turn|4
|
|t:|1685997517
|move|p1a: Mabosstiff|Jaw Lock|p2a: Garchomp
|-damage|p2a: Garchomp|64/100
|-activate|p1a: Mabosstiff|trapped
|-activate|p2a: Garchomp|trapped
|-damage|p1a: Mabosstiff|21/100|[from] ability: Rough Skin|[of] p2a: Garchomp
|-damage|p1a: Mabosstiff|4/100|[from] item: Rocky Helmet|[of] p2a: Garchomp
|move|p2a: Garchomp|Dragon Tail|p1a: Mabosstiff
|-damage|p1a: Mabosstiff|0 fnt
|faint|p1a: Mabosstiff
|
|-end|p2a: Garchomp|move: Taunt
|upkeep
|
|t:|1685997527
|switch|p1a: Maushold|Maushold|100/100
|turn|5
|
|t:|1685997530
|move|p1a: Maushold|Tidy Up|p1a: Maushold
|-boost|p1a: Maushold|atk|1
|-boost|p1a: Maushold|spe|1
|move|p2a: Garchomp|Stealth Rock|p1a: Maushold
|-sidestart|p1: erduashi|move: Stealth Rock
|
|upkeep
|turn|6
|
|t:|1685997536
|move|p1a: Maushold|Encore|p2a: Garchomp
|-start|p2a: Garchomp|Encore
|move|p2a: Garchomp|Stealth Rock||[still]
|-fail|p2a: Garchomp
|
|upkeep
|turn|7
|
|t:|1685997541
|move|p1a: Maushold|Tidy Up|p1a: Maushold
|-sideend|p1: erduashi|Stealth Rock
|-activate|p1a: Maushold|move: Tidy Up
|-boost|p1a: Maushold|atk|1
|-boost|p1a: Maushold|spe|1
|move|p2a: Garchomp|Stealth Rock|p1a: Maushold
|-sidestart|p1: erduashi|move: Stealth Rock
|
|upkeep
|turn|8
|
|t:|1685997549
|move|p1a: Maushold|Tidy Up|p1a: Maushold
|-sideend|p1: erduashi|Stealth Rock
|-activate|p1a: Maushold|move: Tidy Up
|-boost|p1a: Maushold|atk|1
|-boost|p1a: Maushold|spe|1
|move|p2a: Garchomp|Stealth Rock|p1a: Maushold
|-sidestart|p1: erduashi|move: Stealth Rock
|
|-end|p2a: Garchomp|Encore
|upkeep
|turn|9
|
|t:|1685997557
|move|p1a: Maushold|Encore|p2a: Garchomp
|-start|p2a: Garchomp|Encore
|move|p2a: Garchomp|Stealth Rock||[still]
|-fail|p2a: Garchomp
|
|upkeep
|turn|10
|
|t:|1685997562
|move|p1a: Maushold|Tidy Up|p1a: Maushold
|-sideend|p1: erduashi|Stealth Rock
|-activate|p1a: Maushold|move: Tidy Up
|-boost|p1a: Maushold|atk|1
|-boost|p1a: Maushold|spe|1
|move|p2a: Garchomp|Stealth Rock|p1a: Maushold
|-sidestart|p1: erduashi|move: Stealth Rock
|
|upkeep
|turn|11
|
|t:|1685997572
|move|p1a: Maushold|Tidy Up|p1a: Maushold
|-sideend|p1: erduashi|Stealth Rock
|-activate|p1a: Maushold|move: Tidy Up
|-boost|p1a: Maushold|atk|1
|-boost|p1a: Maushold|spe|1
|move|p2a: Garchomp|Stealth Rock|p1a: Maushold
|-sidestart|p1: erduashi|move: Stealth Rock
|
|-end|p2a: Garchomp|Encore
|upkeep
|turn|12
|
|t:|1685997584
|move|p1a: Maushold|Encore|p2a: Garchomp
|-start|p2a: Garchomp|Encore
|move|p2a: Garchomp|Stealth Rock||[still]
|-fail|p2a: Garchomp
|
|upkeep
|turn|13
|
|t:|1685997589
|move|p1a: Maushold|Tidy Up|p1a: Maushold
|-sideend|p1: erduashi|Stealth Rock
|-activate|p1a: Maushold|move: Tidy Up
|-boost|p1a: Maushold|atk|1
|-boost|p1a: Maushold|spe|1
|move|p2a: Garchomp|Stealth Rock|p1a: Maushold
|-sidestart|p1: erduashi|move: Stealth Rock
|
|upkeep
|turn|14
|
|t:|1685997594
|move|p1a: Maushold|Population Bomb|p2a: Garchomp
|-damage|p2a: Garchomp|25/100
|-activate|p2a: Garchomp|ability: Rough Skin
|-activate|p1a: Maushold|item: Protective Pads
|-damage|p2a: Garchomp|0 fnt
|-activate|p2a: Garchomp|ability: Rough Skin
|-activate|p1a: Maushold|item: Protective Pads
|faint|p2a: Garchomp
|-hitcount|p2: Garchomp|2
|
|upkeep
|
|t:|1685997606
|switch|p2a: Gholdengo|Gholdengo|100/100
|turn|15
|
|t:|1685997615
|move|p1a: Maushold|Bite|p2a: Gholdengo
|-supereffective|p2a: Gholdengo
|-damage|p2a: Gholdengo|0 fnt
|faint|p2a: Gholdengo
|
|upkeep
|
|t:|1685997620
|switch|p2a: Zamazenta|Zamazenta-Crowned|100/100
|-ability|p2a: Zamazenta|Dauntless Shield|boost
|-boost|p2a: Zamazenta|def|1
|turn|16
|
|t:|1685997642
|-terastallize|p1a: Maushold|Normal
|move|p1a: Maushold|Population Bomb|p2a: Zamazenta
|-resisted|p2a: Zamazenta
|-damage|p2a: Zamazenta|87/100
|-resisted|p2a: Zamazenta
|-damage|p2a: Zamazenta|72/100
|-resisted|p2a: Zamazenta
|-damage|p2a: Zamazenta|58/100
|-resisted|p2a: Zamazenta
|-damage|p2a: Zamazenta|42/100
|-resisted|p2a: Zamazenta
|-damage|p2a: Zamazenta|28/100
|-resisted|p2a: Zamazenta
|-damage|p2a: Zamazenta|12/100
|-resisted|p2a: Zamazenta
|-damage|p2a: Zamazenta|0 fnt
|faint|p2a: Zamazenta
|-hitcount|p2: Zamazenta|7
|
|upkeep
|-message|coisada forfeited.
|
|win|erduashi
|raw|erduashi's rating: 1382 → 1398(+16 for winning)
|raw|coisada's rating: 1306 → 1290(-16 for losing)
|l|☆coisada
