|j|☆Rekt_3001
|j|☆AAAAAAAAA8
|t:|1686005075
|gametype|singles
|player|p1|Rekt_3001|iris-gen5bw2|1354
|player|p2|AAAAAAAAA8|unknown|1387
|teamsize|p1|6
|teamsize|p2|6
|gen|9
|tier|[Gen 9] OU
|rated|
|rule|Sleep Clause Mod: Limit one foe put to sleep
|rule|Species Clause: Limit one of each Pokémon
|rule|OHKO Clause: OHKO moves are banned
|rule|Evasion Items Clause: Evasion items are banned
|rule|Evasion Moves Clause: Evasion moves are banned
|rule|Endless Battle Clause: Forcing endless battles is banned
|rule|HP Percentage Mod: HP is shown in percentages
|clearpoke
|poke|p1|Urshifu-*, F|
|poke|p1|Scream Tail|
|poke|p1|Zapdos|
|poke|p1|Heatran, F|
|poke|p1|Gholdengo|
|poke|p1|Samurott-Hisui, M|
|poke|p2|Gholdengo|
|poke|p2|Amoonguss, F|
|poke|p2|Samurott-Hisui, F|
|poke|p2|Dondozo, M|
|poke|p2|Corviknight, F|
|poke|p2|Cinderace, F|
|teampreview
|inactive|Battle timer is ON: inactive players will automatically lose when time's up. (requested by Rekt_3001)
|
|t:|1686005091
|start
|switch|p1a: Heatran|Heatran, F|100/100
|switch|p2a: Dondozo|Dondozo, M|100/100
|-item|p1a: Heatran|Air Balloon
|turn|1
|
|t:|1686005103
|switch|p1a: Zapdos|Zapdos|100/100
|move|p2a: Dondozo|Liquidation|p1a: Zapdos
|-damage|p1a: Zapdos|75/100
|-unboost|p1a: Zapdos|def|1
|-status|p2a: Dondozo|par|[from] ability: Static|[of] p1a: Zapdos
|
|upkeep
|turn|2
|
|t:|1686005111
|switch|p2a: Cinderace|Cinderace, F|100/100
|move|p1a: Zapdos|Volt Switch|p2a: Cinderace
|-damage|p2a: Cinderace|47/100
|
|t:|1686005117
|switch|p1a: Samurott|Samurott-Hisui, M|100/100|[from] Volt Switch
|
|upkeep
|turn|3
|
|t:|1686005123
|switch|p2a: Corviknight|Corviknight, F|100/100
|-ability|p2a: Corviknight|Pressure
|move|p1a: Samurott|Aqua Cutter|p2a: Corviknight
|-damage|p2a: Corviknight|70/100
|
|-heal|p2a: Corviknight|76/100|[from] item: Leftovers
|upkeep
|turn|4
|
|t:|1686005126
|move|p1a: Samurott|Ceaseless Edge|p2a: Corviknight
|-damage|p2a: Corviknight|47/100
|-sidestart|p2: AAAAAAAAA8|Spikes
|move|p2a: Corviknight|U-turn|p1a: Samurott
|-supereffective|p1a: Samurott
|-damage|p1a: Samurott|74/100
|
|t:|1686005132
|switch|p2a: Samurott|Samurott-Hisui, F|100/100|[from] U-turn
|-damage|p2a: Samurott|88/100|[from] Spikes
|
|upkeep
|turn|5
|
|t:|1686005138
|switch|p1a: Zapdos|Zapdos|75/100
|move|p2a: Samurott|Ceaseless Edge|p1a: Zapdos
|-damage|p1a: Zapdos|25/100
|-sidestart|p1: Rekt_3001|Spikes
|-status|p2a: Samurott|par|[from] ability: Static|[of] p1a: Zapdos
|
|upkeep
|turn|6
|-message|AAAAAAAAA8 forfeited.
|
|win|Rekt_3001
|raw|Rekt_3001's rating: 1354 → 1376(+22 for winning)
|raw|AAAAAAAAA8's rating: 1387 → 1365(-22 for losing)
|l|☆AAAAAAAAA8
