|j|☆unlimted bad days
|j|☆Jebus-Sama
|t:|1686011027
|gametype|singles
|player|p1|unlimted bad days|waitress-gen4|1105
|player|p2|Jebus-Sama|266|1143
|teamsize|p1|6
|teamsize|p2|6
|gen|9
|tier|[Gen 9] OU
|rated|
|rule|Sleep Clause Mod: Limit one foe put to sleep
|rule|Species Clause: Limit one of each Pokémon
|rule|OHKO Clause: OHKO moves are banned
|rule|Evasion Items Clause: Evasion items are banned
|rule|Evasion Moves Clause: Evasion moves are banned
|rule|Endless Battle Clause: Forcing endless battles is banned
|rule|HP Percentage Mod: HP is shown in percentages
|clearpoke
|poke|p1|Tinkaton, F|
|poke|p1|Basculegion-F, F|
|poke|p1|Garchomp, M|
|poke|p1|Sneasler, M|
|poke|p1|Toxapex, F|
|poke|p1|Hydreigon, F|
|poke|p2|Arcanine-Hisui, M|
|poke|p2|Urshifu-*, M|
|poke|p2|Cinderace, M|
|poke|p2|Ursaluna, F|
|poke|p2|Braviary-Hisui, M|
|poke|p2|Kleavor, M|
|teampreview
|inactive|Battle timer is ON: inactive players will automatically lose when time's up. (requested by unlimted bad days)
|
|t:|1686011038
|start
|switch|p1a: Tinkaton|Tinkaton, F|100/100
|switch|p2a: Kleavor|Kleavor, M|100/100
|-ability|p1a: Tinkaton|Mold Breaker
|turn|1
|
|t:|1686011047
|move|p1a: Tinkaton|Gigaton Hammer|p2a: Kleavor
|-supereffective|p2a: Kleavor
|-enditem|p2a: Kleavor|Focus Sash
|-damage|p2a: Kleavor|1/100
|move|p2a: Kleavor|Tailwind|p2a: Kleavor
|-sidestart|p2: Jebus-Sama|move: Tailwind
|
|upkeep
|turn|2
|
|t:|1686011067
|move|p2a: Kleavor|Stone Axe|p1a: Tinkaton
|-resisted|p1a: Tinkaton
|-damage|p1a: Tinkaton|63/100
|-sidestart|p1: unlimted bad days|move: Stealth Rock
|move|p1a: Tinkaton|Thunder Wave|p2a: Kleavor
|-status|p2a: Kleavor|par
|
|-heal|p1a: Tinkaton|69/100|[from] item: Leftovers
|upkeep
|turn|3
|
|t:|1686011082
|switch|p2a: Braviary|Braviary-Hisui, M|100/100
|move|p1a: Tinkaton|Thunder Wave|p2a: Braviary
|-status|p2a: Braviary|par
|
|-heal|p1a: Tinkaton|75/100|[from] item: Leftovers
|upkeep
|turn|4
|
|t:|1686011093
|move|p1a: Tinkaton|Gigaton Hammer|p2a: Braviary
|-damage|p2a: Braviary|41/100 par
|cant|p2a: Braviary|par
|
|-heal|p1a: Tinkaton|82/100|[from] item: Leftovers
|-sideend|p2: Jebus-Sama|move: Tailwind
|upkeep
|turn|5
|
|t:|1686011101
|move|p1a: Tinkaton|Play Rough|p2a: Braviary
|-damage|p2a: Braviary|5/100 par
|move|p2a: Braviary|Esper Wing|p1a: Tinkaton
|-resisted|p1a: Tinkaton
|-damage|p1a: Tinkaton|49/100
|-boost|p2a: Braviary|spe|1
|
|-heal|p1a: Tinkaton|55/100|[from] item: Leftovers
|upkeep
|turn|6
|
|t:|1686011114
|move|p1a: Tinkaton|Gigaton Hammer|p2a: Braviary
|-damage|p2a: Braviary|0 fnt
|faint|p2a: Braviary
|
|-heal|p1a: Tinkaton|62/100|[from] item: Leftovers
|upkeep
|
|t:|1686011123
|switch|p2a: Ursaluna|Ursaluna, F|100/100
|turn|7
|
|t:|1686011131
|move|p1a: Tinkaton|Play Rough|p2a: Ursaluna
|-damage|p2a: Ursaluna|85/100
|-unboost|p2a: Ursaluna|atk|1
|move|p2a: Ursaluna|Bulk Up|p2a: Ursaluna
|-boost|p2a: Ursaluna|atk|1
|-boost|p2a: Ursaluna|def|1
|
|-heal|p1a: Tinkaton|68/100|[from] item: Leftovers
|-status|p2a: Ursaluna|brn|[from] item: Flame Orb
|upkeep
|turn|8
|
|t:|1686011142
|move|p1a: Tinkaton|Encore|p2a: Ursaluna
|-start|p2a: Ursaluna|Encore
|move|p2a: Ursaluna|Bulk Up|p2a: Ursaluna
|-boost|p2a: Ursaluna|atk|1
|-boost|p2a: Ursaluna|def|1
|
|-heal|p1a: Tinkaton|74/100|[from] item: Leftovers
|-damage|p2a: Ursaluna|79/100 brn|[from] brn
|upkeep
|turn|9
|
|t:|1686011152
|switch|p1a: Basculegion|Basculegion-F, F|100/100
|-damage|p1a: Basculegion|88/100|[from] Stealth Rock
|move|p2a: Ursaluna|Bulk Up|p2a: Ursaluna
|-boost|p2a: Ursaluna|atk|1
|-boost|p2a: Ursaluna|def|1
|
|-damage|p2a: Ursaluna|72/100 brn|[from] brn
|upkeep
|turn|10
|
|t:|1686011161
|move|p1a: Basculegion|Surf|p2a: Ursaluna
|-supereffective|p2a: Ursaluna
|-damage|p2a: Ursaluna|0 fnt
|faint|p2a: Ursaluna
|
|upkeep
|
|t:|1686011168
|switch|p2a: Arcanine|Arcanine-Hisui, M|100/100
|turn|11
|
|t:|1686011173
|move|p1a: Basculegion|Surf|p2a: Arcanine
|-supereffective|p2a: Arcanine
|-damage|p2a: Arcanine|0 fnt
|faint|p2a: Arcanine
|
|upkeep
|
|t:|1686011180
|switch|p2a: Urshifu|Urshifu-Rapid-Strike, M|100/100
|turn|12
|
|t:|1686011190
|switch|p1a: Tinkaton|Tinkaton, F|74/100
|-damage|p1a: Tinkaton|68/100|[from] Stealth Rock
|-ability|p1a: Tinkaton|Mold Breaker
|move|p2a: Urshifu|Swords Dance|p2a: Urshifu
|-boost|p2a: Urshifu|atk|2
|
|-heal|p1a: Tinkaton|74/100|[from] item: Leftovers
|upkeep
|turn|13
|
|t:|1686011201
|move|p1a: Tinkaton|Thunder Wave|p2a: Urshifu
|-status|p2a: Urshifu|par
|move|p2a: Urshifu|Surging Strikes|p1a: Tinkaton
|-crit|p1a: Tinkaton
|-damage|p1a: Tinkaton|22/100
|-crit|p1a: Tinkaton
|-damage|p1a: Tinkaton|0 fnt
|faint|p1a: Tinkaton
|-hitcount|p1: Tinkaton|2
|
|upkeep
|
|t:|1686011211
|switch|p1a: Toxapex|Toxapex, F|100/100
|-damage|p1a: Toxapex|88/100|[from] Stealth Rock
|turn|14
|
|t:|1686011216
|cant|p2a: Urshifu|par
|move|p1a: Toxapex|Hex|p2a: Urshifu
|-damage|p2a: Urshifu|72/100 par
|
|-heal|p1a: Toxapex|94/100|[from] item: Black Sludge
|upkeep
|turn|15
|
|t:|1686011224
|cant|p2a: Urshifu|par
|move|p1a: Toxapex|Hex|p2a: Urshifu
|-damage|p2a: Urshifu|45/100 par
|
|-heal|p1a: Toxapex|99/100|[from] item: Black Sludge
|upkeep
|turn|16
|
|t:|1686011231
|cant|p2a: Urshifu|par
|move|p1a: Toxapex|Hex|p2a: Urshifu
|-damage|p2a: Urshifu|20/100 par
|
|-heal|p1a: Toxapex|100/100|[from] item: Black Sludge
|upkeep
|turn|17
|
|t:|1686011239
|cant|p2a: Urshifu|par
|move|p1a: Toxapex|Hex|p2a: Urshifu
|-damage|p2a: Urshifu|0 fnt
|faint|p2a: Urshifu
|
|upkeep
|
|t:|1686011246
|switch|p2a: Cinderace|Cinderace, M|100/100
|turn|18
|
|t:|1686011252
|move|p2a: Cinderace|U-turn|p1a: Toxapex
|-start|p2a: Cinderace|typechange|Bug|[from] ability: Libero
|-resisted|p1a: Toxapex
|-damage|p1a: Toxapex|87/100
|-damage|p2a: Cinderace|91/100|[from] item: Life Orb
|
|t:|1686011257
|switch|p2a: Kleavor|Kleavor, M|1/100 par|[from] U-turn
|move|p1a: Toxapex|Surf|p2a: Kleavor
|-supereffective|p2a: Kleavor
|-damage|p2a: Kleavor|0 fnt
|faint|p2a: Kleavor
|
|-heal|p1a: Toxapex|93/100|[from] item: Black Sludge
|upkeep
|
|t:|1686011267
|switch|p2a: Cinderace|Cinderace, M|91/100
|turn|19
|
|t:|1686011271
|move|p2a: Cinderace|Pyro Ball|p1a: Toxapex
|-resisted|p1a: Toxapex
|-damage|p1a: Toxapex|68/100
|-damage|p2a: Cinderace|81/100|[from] item: Life Orb
|move|p1a: Toxapex|Surf|p2a: Cinderace
|-supereffective|p2a: Cinderace
|-damage|p2a: Cinderace|25/100
|
|-heal|p1a: Toxapex|74/100|[from] item: Black Sludge
|upkeep
|turn|20
|
|t:|1686011283
|move|p2a: Cinderace|High Jump Kick|p1a: Toxapex
|-start|p2a: Cinderace|typechange|Fighting|[from] ability: Libero
|-resisted|p1a: Toxapex
|-damage|p1a: Toxapex|47/100
|-damage|p2a: Cinderace|15/100|[from] item: Life Orb
|move|p1a: Toxapex|Surf|p2a: Cinderace
|-crit|p2a: Cinderace
|-damage|p2a: Cinderace|0 fnt
|faint|p2a: Cinderace
|
|win|unlimted bad days
|raw|unlimted bad days's rating: 1105 → 1133(+28 for winning)
|raw|Jebus-Sama's rating: 1143 → 1115(-28 for losing)
|l|☆Jebus-Sama
