|j|☆shawanyi
|j|☆StarSmurf 3
|t:|1686006709
|gametype|singles
|player|p1|shawanyi|169|1527
|player|p2|StarSmurf 3|acetrainer|1480
|teamsize|p1|6
|teamsize|p2|6
|gen|9
|tier|[Gen 9] OU
|rated|
|rule|Sleep Clause Mod: Limit one foe put to sleep
|rule|Species Clause: Limit one of each Pokémon
|rule|OHKO Clause: OHKO moves are banned
|rule|Evasion Items Clause: Evasion items are banned
|rule|Evasion Moves Clause: Evasion moves are banned
|rule|Endless Battle Clause: Forcing endless battles is banned
|rule|HP Percentage Mod: HP is shown in percentages
|clearpoke
|poke|p1|Goodra-Hisui, M|
|poke|p1|Ursaluna, M|
|poke|p1|Pelipper, M|
|poke|p1|Glimmora, F|
|poke|p1|Basculegion-F, F|
|poke|p1|Urshifu-*, F|
|poke|p2|Garchomp, M|
|poke|p2|Scizor, M|
|poke|p2|Thundurus, M|
|poke|p2|Heatran, M|
|poke|p2|Greninja, M|
|poke|p2|Iron Valiant|
|teampreview
|inactive|Battle timer is ON: inactive players will automatically lose when time's up. (requested by StarSmurf 3)
|
|t:|1686006723
|start
|switch|p1a: Glimmora|Glimmora, F|100/100
|switch|p2a: Greninja|Greninja, M|100/100
|turn|1
|
|t:|1686006731
|move|p2a: Greninja|Hydro Pump|p1a: Glimmora|[miss]
|-start|p2a: Greninja|typechange|Water|[from] ability: Protean
|-miss|p2a: Greninja|p1a: Glimmora
|move|p1a: Glimmora|Energy Ball|p2a: Greninja
|-supereffective|p2a: Greninja
|-damage|p2a: Greninja|0 fnt
|faint|p2a: Greninja
|
|upkeep
|-message|StarSmurf 3 forfeited.
|
|win|shawanyi
|raw|shawanyi's rating: 1527 → 1544(+17 for winning)
|raw|StarSmurf 3's rating: 1480 → 1463(-17 for losing)
|l|☆StarSmurf 3
