|j|☆2009 hometown hero
|j|☆evil bear activity
|t:|1685998331
|gametype|singles
|player|p1|2009 hometown hero|evelyn|1355
|player|p2|evil bear activity|bruno-gen2|1375
|teamsize|p1|6
|teamsize|p2|6
|gen|9
|tier|[Gen 9] OU
|rated|
|rule|Sleep Clause Mod: Limit one foe put to sleep
|rule|Species Clause: Limit one of each Pokémon
|rule|OHKO Clause: OHKO moves are banned
|rule|Evasion Items Clause: Evasion items are banned
|rule|Evasion Moves Clause: Evasion moves are banned
|rule|Endless Battle Clause: Forcing endless battles is banned
|rule|HP Percentage Mod: HP is shown in percentages
|clearpoke
|poke|p1|Iron Valiant|
|poke|p1|Hydreigon, M|
|poke|p1|Glimmora, M|
|poke|p1|Clodsire, F|
|poke|p1|Breloom, F|
|poke|p1|Dragapult, F|
|poke|p2|Arcanine-Hisui, M|
|poke|p2|Ursaluna, M|
|poke|p2|Zapdos|
|poke|p2|Samurott-Hisui, M|
|poke|p2|Avalugg-Hisui, M|
|poke|p2|Slowking-Galar, M|
|teampreview
|inactive|Battle timer is ON: inactive players will automatically lose when time's up. (requested by 2009 hometown hero)
|
|t:|1685998345
|start
|switch|p1a: Glimmora|Glimmora, M|100/100
|switch|p2a: Zapdos|Zapdos|100/100
|-ability|p2a: Zapdos|Pressure
|turn|1
|
|t:|1685998351
|move|p1a: Glimmora|Power Gem|p2a: Zapdos
|-supereffective|p2a: Zapdos
|-damage|p2a: Zapdos|1/100
|move|p2a: Zapdos|Volt Switch|p1a: Glimmora
|-crit|p1a: Glimmora
|-damage|p1a: Glimmora|35/100
|
|t:|1685998361
|switch|p2a: Slowking|Slowking-Galar, M|100/100|[from] Volt Switch
|
|upkeep
|turn|2
|
|t:|1685998366
|switch|p1a: Clodsire|Clodsire, F|100/100
|move|p2a: Slowking|Future Sight|p1a: Clodsire
|-start|p2a: Slowking|move: Future Sight
|
|upkeep
|turn|3
|
|t:|1685998371
|move|p1a: Clodsire|Stealth Rock|p2a: Slowking
|-sidestart|p2: evil bear activity|move: Stealth Rock
|move|p2a: Slowking|Trick Room|p2a: Slowking
|-fieldstart|move: Trick Room|[of] p2a: Slowking
|
|upkeep
|turn|4
|
|t:|1685998375
|switch|p1a: Hydreigon|Hydreigon, M|100/100
|move|p2a: Slowking|Chilly Reception|p2a: Slowking
|-weather|Snow
|
|t:|1685998380
|switch|p2a: Ursaluna|Ursaluna, M|100/100|[from] Chilly Reception
|-damage|p2a: Ursaluna|94/100|[from] Stealth Rock
|
|-weather|Snow|[upkeep]
|-end|p1a: Hydreigon|move: Future Sight
|-immune|p1a: Hydreigon
|-status|p2a: Ursaluna|brn|[from] item: Flame Orb
|upkeep
|turn|5
|
|t:|1685998390
|switch|p1a: Dragapult|Dragapult, F|100/100
|move|p2a: Ursaluna|Swords Dance|p2a: Ursaluna
|-boost|p2a: Ursaluna|atk|2
|
|-weather|Snow|[upkeep]
|-damage|p2a: Ursaluna|88/100 brn|[from] brn
|upkeep
|turn|6
|
|t:|1685998403
|switch|p1a: Breloom|Breloom, F|100/100
|move|p2a: Ursaluna|Headlong Rush|p1a: Breloom
|-resisted|p1a: Breloom
|-damage|p1a: Breloom|0 fnt
|-unboost|p2a: Ursaluna|def|1
|-unboost|p2a: Ursaluna|spd|1
|faint|p1a: Breloom
|
|-weather|Snow|[upkeep]
|-damage|p2a: Ursaluna|82/100 brn|[from] brn
|upkeep
|
|t:|1685998417
|switch|p1a: Clodsire|Clodsire, F|100/100
|turn|7
|
|t:|1685998422
|switch|p1a: Hydreigon|Hydreigon, M|100/100
|move|p2a: Ursaluna|Facade|p1a: Hydreigon
|-damage|p1a: Hydreigon|0 fnt
|faint|p1a: Hydreigon
|
|-weather|Snow|[upkeep]
|-damage|p2a: Ursaluna|76/100 brn|[from] brn
|-fieldend|move: Trick Room
|upkeep
|
|t:|1685998431
|switch|p1a: Iron Valiant|Iron Valiant|100/100
|-enditem|p1a: Iron Valiant|Booster Energy
|-activate|p1a: Iron Valiant|ability: Quark Drive|[fromitem]
|-start|p1a: Iron Valiant|quarkdrivespe
|turn|8
|
|t:|1685998440
|-terastallize|p2a: Ursaluna|Ghost
|move|p1a: Iron Valiant|Close Combat|p2a: Ursaluna
|-immune|p2a: Ursaluna
|move|p2a: Ursaluna|Facade|p1a: Iron Valiant
|-damage|p1a: Iron Valiant|0 fnt
|faint|p1a: Iron Valiant
|-end|p1a: Iron Valiant|Quark Drive|[silent]
|
|-weather|none
|-damage|p2a: Ursaluna|70/100 brn|[from] brn
|upkeep
|
|t:|1685998446
|switch|p1a: Dragapult|Dragapult, F|100/100
|turn|9
|
|t:|1685998452
|switch|p2a: Samurott|Samurott-Hisui, M|100/100
|-damage|p2a: Samurott|88/100|[from] Stealth Rock
|move|p1a: Dragapult|Hex|p2a: Samurott
|-resisted|p2a: Samurott
|-damage|p2a: Samurott|64/100
|
|upkeep
|turn|10
|
|t:|1685998463
|move|p2a: Samurott|Ceaseless Edge|p1a: Dragapult|[miss]
|-miss|p2a: Samurott|p1a: Dragapult
|move|p1a: Dragapult|Will-O-Wisp|p2a: Samurott
|-status|p2a: Samurott|brn
|
|-damage|p2a: Samurott|58/100 brn|[from] brn
|upkeep
|turn|11
|
|t:|1685998472
|switch|p1a: Glimmora|Glimmora, M|35/100
|move|p2a: Samurott|Ceaseless Edge|p1a: Glimmora
|-damage|p1a: Glimmora|8/100
|-sidestart|p1: 2009 hometown hero|Spikes
|-activate|p1a: Glimmora|ability: Toxic Debris
|-sidestart|p2: evil bear activity|move: Toxic Spikes
|
|-damage|p2a: Samurott|51/100 brn|[from] brn
|upkeep
|turn|12
|
|t:|1685998482
|move|p1a: Glimmora|Earth Power|p2a: Samurott
|-damage|p2a: Samurott|0 fnt
|faint|p2a: Samurott
|
|upkeep
|
|t:|1685998486
|switch|p2a: Slowking|Slowking-Galar, M|100/100
|-damage|p2a: Slowking|88/100|[from] Stealth Rock
|-sideend|p2: evil bear activity|move: Toxic Spikes|[of] p2a: Slowking
|turn|13
|
|t:|1685998491
|move|p1a: Glimmora|Earth Power|p2a: Slowking
|-supereffective|p2a: Slowking
|-damage|p2a: Slowking|41/100
|move|p2a: Slowking|Trick Room|p2a: Slowking
|-fieldstart|move: Trick Room|[of] p2a: Slowking
|
|-heal|p2a: Slowking|48/100|[from] item: Black Sludge
|upkeep
|turn|14
|
|t:|1685998503
|switch|p2a: Ursaluna|Ursaluna, M, tera:Ghost|70/100 brn
|-damage|p2a: Ursaluna|58/100 brn|[from] Stealth Rock
|move|p1a: Glimmora|Earth Power|p2a: Ursaluna
|-damage|p2a: Ursaluna|31/100 brn
|
|-damage|p2a: Ursaluna|25/100 brn|[from] brn
|upkeep
|turn|15
|
|t:|1685998512
|switch|p1a: Dragapult|Dragapult, F|100/100
|move|p2a: Ursaluna|Headlong Rush|p1a: Dragapult
|-damage|p1a: Dragapult|0 fnt
|-unboost|p2a: Ursaluna|def|1
|-unboost|p2a: Ursaluna|spd|1
|faint|p1a: Dragapult
|
|-damage|p2a: Ursaluna|19/100 brn|[from] brn
|upkeep
|
|t:|1685998522
|switch|p1a: Glimmora|Glimmora, M|8/100
|-damage|p1a: Glimmora|0 fnt|[from] Spikes
|faint|p1a: Glimmora
|
|t:|1685998524
|switch|p1a: Clodsire|Clodsire, F|100/100
|turn|16
|
|t:|1685998533
|move|p1a: Clodsire|Recover||[still]
|-fail|p1a: Clodsire|heal
|move|p2a: Ursaluna|Headlong Rush|p1a: Clodsire
|-supereffective|p1a: Clodsire
|-damage|p1a: Clodsire|0 fnt
|-unboost|p2a: Ursaluna|def|1
|-unboost|p2a: Ursaluna|spd|1
|faint|p1a: Clodsire
|
|win|evil bear activity
|raw|2009 hometown hero's rating: 1355 → 1336(-19 for losing)
|raw|evil bear activity's rating: 1375 → 1394(+19 for winning)
|c|☆evil bear activity|gg
|l|☆2009 hometown hero
