|j|☆I Click U-Turn
|j|☆manwhocouldcook
|t:|1686010516
|gametype|singles
|player|p1|I Click U-Turn|morty-gen2|1373
|player|p2|manwhocouldcook|chili|1345
|teamsize|p1|6
|teamsize|p2|6
|gen|9
|tier|[Gen 9] OU
|rated|
|rule|Sleep Clause Mod: Limit one foe put to sleep
|rule|Species Clause: Limit one of each Pokémon
|rule|OHKO Clause: OHKO moves are banned
|rule|Evasion Items Clause: Evasion items are banned
|rule|Evasion Moves Clause: Evasion moves are banned
|rule|Endless Battle Clause: Forcing endless battles is banned
|rule|HP Percentage Mod: HP is shown in percentages
|clearpoke
|poke|p1|Meloetta|
|poke|p1|Garganacl, F|
|poke|p1|Goodra-Hisui, M|
|poke|p1|Lilligant-Hisui, F|
|poke|p1|Gholdengo|
|poke|p1|Braviary-Hisui, M|
|poke|p2|Pelipper, M|
|poke|p2|Overqwil, M|
|poke|p2|Tornadus-Therian, M|
|poke|p2|Urshifu-*, M|
|poke|p2|Moltres-Galar|
|poke|p2|Iron Treads|
|teampreview
|
|t:|1686010533
|start
|switch|p1a: Meloetta|Meloetta|100/100
|switch|p2a: Pelipper|Pelipper, M|100/100
|-weather|RainDance|[from] ability: Drizzle|[of] p2a: Pelipper
|turn|1
|
|t:|1686010536
|move|p1a: Meloetta|Thunderbolt|p2a: Pelipper
|-supereffective|p2a: Pelipper
|-damage|p2a: Pelipper|0 fnt
|faint|p2a: Pelipper
|
|-weather|RainDance|[upkeep]
|upkeep
|
|t:|1686010538
|switch|p2a: Overqwil|Overqwil, M|100/100
|turn|2
|inactive|Battle timer is ON: inactive players will automatically lose when time's up. (requested by manwhocouldcook)
|
|t:|1686010552
|switch|p1a: Goodra|Goodra-Hisui, M|100/100
|-terastallize|p2a: Overqwil|Bug
|move|p2a: Overqwil|Fell Stinger|p1a: Goodra
|-resisted|p1a: Goodra
|-damage|p1a: Goodra|82/100
|-damage|p2a: Overqwil|91/100|[from] item: Life Orb
|
|-weather|RainDance|[upkeep]
|-heal|p1a: Goodra|88/100|[from] item: Leftovers
|upkeep
|turn|3
|
|t:|1686010569
|move|p2a: Overqwil|Crunch|p1a: Goodra
|-damage|p1a: Goodra|41/100
|-damage|p2a: Overqwil|81/100|[from] item: Life Orb
|move|p1a: Goodra|Acid Armor|p1a: Goodra
|-boost|p1a: Goodra|def|2
|
|-weather|RainDance|[upkeep]
|-heal|p1a: Goodra|47/100|[from] item: Leftovers
|upkeep
|turn|4
|
|t:|1686010582
|switch|p2a: Tornadus|Tornadus-Therian, M|100/100
|move|p1a: Goodra|Heavy Slam|p2a: Tornadus
|-damage|p2a: Tornadus|43/100
|
|-weather|RainDance|[upkeep]
|-heal|p1a: Goodra|53/100|[from] item: Leftovers
|upkeep
|turn|5
|
|t:|1686010589
|move|p2a: Tornadus|Focus Blast|p1a: Goodra
|-supereffective|p1a: Goodra
|-damage|p1a: Goodra|16/100
|move|p1a: Goodra|Heavy Slam|p2a: Tornadus
|-damage|p2a: Tornadus|0 fnt
|faint|p2a: Tornadus
|
|-weather|RainDance|[upkeep]
|-heal|p1a: Goodra|22/100|[from] item: Leftovers
|upkeep
|
|t:|1686010599
|switch|p2a: Urshifu|Urshifu-Rapid-Strike, M|100/100
|turn|6
|
|t:|1686010605
|move|p2a: Urshifu|Surging Strikes|p1a: Goodra
|-resisted|p1a: Goodra
|-damage|p1a: Goodra|18/100
|-resisted|p1a: Goodra
|-damage|p1a: Goodra|13/100
|-resisted|p1a: Goodra
|-damage|p1a: Goodra|9/100
|-hitcount|p1a: Goodra|3
|move|p1a: Goodra|Body Press|p2a: Urshifu
|-damage|p2a: Urshifu|62/100
|
|-weather|RainDance|[upkeep]
|-heal|p1a: Goodra|15/100|[from] item: Leftovers
|upkeep
|turn|7
|-message|manwhocouldcook forfeited.
|
|win|I Click U-Turn
|raw|I Click U-Turn's rating: 1373 → 1391(+18 for winning)
|raw|manwhocouldcook's rating: 1345 → 1327(-18 for losing)
|l|☆manwhocouldcook
