|j|☆youngJizzy
|j|☆Ryu-09
|t:|1686004296
|gametype|singles
|player|p1|youngJizzy|101|1292
|player|p2|Ryu-09|silver|1306
|teamsize|p1|6
|teamsize|p2|6
|gen|9
|tier|[Gen 9] OU
|rated|
|rule|Sleep Clause Mod: Limit one foe put to sleep
|rule|Species Clause: Limit one of each Pokémon
|rule|OHKO Clause: OHKO moves are banned
|rule|Evasion Items Clause: Evasion items are banned
|rule|Evasion Moves Clause: Evasion moves are banned
|rule|Endless Battle Clause: Forcing endless battles is banned
|rule|HP Percentage Mod: HP is shown in percentages
|clearpoke
|poke|p1|Gholdengo|
|poke|p1|Enamorus, F|
|poke|p1|Chien-Pao|
|poke|p1|Zoroark-Hisui, F|
|poke|p1|Hatterene, F|
|poke|p1|Great Tusk|
|poke|p2|Lucario, M|
|poke|p2|Arcanine-Hisui, F|
|poke|p2|Chien-Pao|
|poke|p2|Roaring Moon|
|poke|p2|Moltres-Galar|
|poke|p2|Zamazenta-*|
|teampreview
|inactive|Battle timer is ON: inactive players will automatically lose when time's up. (requested by Ryu-09)
|
|t:|1686004319
|start
|switch|p1a: Gholdengo|Gholdengo|100/100
|switch|p2a: fire rock dog|Arcanine-Hisui, F|100/100
|turn|1
|
|t:|1686004326
|move|p2a: fire rock dog|Flare Blitz|p1a: Gholdengo
|-damage|p1a: Gholdengo|0 fnt
|replace|p1a: Zoroark|Zoroark-Hisui, F
|-end|p1a: Zoroark|Illusion
|faint|p1a: Zoroark
|
|upkeep
|
|t:|1686004333
|switch|p1a: Great Tusk|Great Tusk|100/100
|turn|2
|
|t:|1686004335
|move|p2a: fire rock dog|Flare Blitz|p1a: Great Tusk
|-damage|p1a: Great Tusk|69/100
|move|p1a: Great Tusk|Stealth Rock|p2a: fire rock dog
|-sidestart|p2: Ryu-09|move: Stealth Rock
|
|upkeep
|turn|3
|
|t:|1686004347
|move|p2a: fire rock dog|Flare Blitz|p1a: Great Tusk
|-damage|p1a: Great Tusk|42/100
|move|p1a: Great Tusk|Body Press|p2a: fire rock dog
|-supereffective|p2a: fire rock dog
|-damage|p2a: fire rock dog|0 fnt
|faint|p2a: fire rock dog
|
|upkeep
|
|t:|1686004369
|switch|p2a: bing chilling|Chien-Pao|100/100
|-damage|p2a: bing chilling|76/100|[from] Stealth Rock
|-ability|p2a: bing chilling|Sword of Ruin
|turn|4
|
|t:|1686004376
|move|p2a: bing chilling|Ice Spinner|p1a: Great Tusk
|-supereffective|p1a: Great Tusk
|-damage|p1a: Great Tusk|0 fnt
|faint|p1a: Great Tusk
|-end|p1a: Great Tusk|Protosynthesis|[silent]
|
|upkeep
|
|t:|1686004381
|switch|p1a: Hatterene|Hatterene, F|100/100
|turn|5
|
|t:|1686004384
|move|p2a: bing chilling|Ice Spinner|p1a: Hatterene
|-damage|p1a: Hatterene|40/100
|move|p1a: Hatterene|Draining Kiss|p2a: bing chilling
|-supereffective|p2a: bing chilling
|-damage|p2a: bing chilling|0 fnt
|-heal|p1a: Hatterene|93/100|[from] drain|[of] p2a: bing chilling
|faint|p2a: bing chilling
|
|-heal|p1a: Hatterene|99/100|[from] item: Leftovers
|upkeep
|
|t:|1686004406
|switch|p2a: mage replacement|Lucario, M|100/100
|-damage|p2a: mage replacement|98/100|[from] Stealth Rock
|turn|6
|
|t:|1686004410
|switch|p1a: Gholdengo|Gholdengo|100/100
|move|p2a: mage replacement|Flash Cannon|p1a: Gholdengo
|-resisted|p1a: Gholdengo
|-damage|p1a: Gholdengo|80/100
|
|-heal|p2a: mage replacement|100/100|[from] item: Leftovers
|upkeep
|turn|7
|
|t:|1686004414
|move|p1a: Gholdengo|Trick|p2a: mage replacement
|-activate|p1a: Gholdengo|move: Trick|[of] p2a: mage replacement
|-item|p2a: mage replacement|Choice Scarf|[from] move: Trick
|-item|p1a: Gholdengo|Leftovers|[from] move: Trick
|move|p2a: mage replacement|Shadow Ball|p1a: Gholdengo
|-supereffective|p1a: Gholdengo
|-damage|p1a: Gholdengo|18/100
|
|-heal|p1a: Gholdengo|24/100|[from] item: Leftovers
|upkeep
|turn|8
|
|t:|1686004423
|move|p2a: mage replacement|Shadow Ball|p1a: Gholdengo
|-supereffective|p1a: Gholdengo
|-damage|p1a: Gholdengo|0 fnt
|faint|p1a: Gholdengo
|
|upkeep
|
|t:|1686004426
|switch|p1a: Chien-Pao|Chien-Pao|100/100
|-ability|p1a: Chien-Pao|Sword of Ruin
|turn|9
|inactive|youngJizzy has 120 seconds left.
|inactive|youngJizzy has 90 seconds left.
|
|t:|1686004498
|switch|p2a: mege mence dino|Roaring Moon|100/100
|-enditem|p2a: mege mence dino|Booster Energy
|-activate|p2a: mege mence dino|ability: Protosynthesis|[fromitem]
|-start|p2a: mege mence dino|protosynthesisspe
|-damage|p2a: mege mence dino|88/100|[from] Stealth Rock
|move|p1a: Chien-Pao|Ice Spinner|p2a: mege mence dino
|-supereffective|p2a: mege mence dino
|-damage|p2a: mege mence dino|0 fnt
|faint|p2a: mege mence dino
|-end|p2a: mege mence dino|Protosynthesis|[silent]
|
|upkeep
|
|t:|1686004520
|switch|p2a: mage replacement|Lucario, M|100/100
|-damage|p2a: mage replacement|98/100|[from] Stealth Rock
|turn|10
|inactive|youngJizzy has 90 seconds left.
|
|t:|1686004527
|switch|p1a: Hatterene|Hatterene, F|99/100
|move|p2a: mage replacement|Vacuum Wave|p1a: Hatterene
|-resisted|p1a: Hatterene
|-damage|p1a: Hatterene|95/100
|
|-heal|p1a: Hatterene|100/100|[from] item: Leftovers
|upkeep
|turn|11
|inactive|youngJizzy has 90 seconds left.
|
|t:|1686004551
|switch|p2a: armored dog|Zamazenta-Crowned|100/100
|-damage|p2a: armored dog|97/100|[from] Stealth Rock
|-ability|p2a: armored dog|Dauntless Shield|boost
|-boost|p2a: armored dog|def|1
|switch|p1a: Enamorus|Enamorus, F|100/100
|
|upkeep
|turn|12
|
|t:|1686004559
|move|p1a: Enamorus|Earth Power|p2a: armored dog
|-supereffective|p2a: armored dog
|-damage|p2a: armored dog|53/100
|-unboost|p2a: armored dog|spd|1
|move|p2a: armored dog|Behemoth Bash|p1a: Enamorus
|-supereffective|p1a: Enamorus
|-damage|p1a: Enamorus|0 fnt
|faint|p1a: Enamorus
|
|upkeep
|
|t:|1686004572
|switch|p1a: Hatterene|Hatterene, F|100/100
|turn|13
|
|t:|1686004580
|move|p2a: armored dog|Behemoth Bash|p1a: Hatterene
|-supereffective|p1a: Hatterene
|-damage|p1a: Hatterene|36/100
|move|p1a: Hatterene|Psychic|p2a: armored dog
|-damage|p2a: armored dog|20/100
|
|-heal|p1a: Hatterene|42/100|[from] item: Leftovers
|upkeep
|turn|14
|
|t:|1686004586
|move|p2a: armored dog|Behemoth Bash|p1a: Hatterene
|-supereffective|p1a: Hatterene
|-damage|p1a: Hatterene|0 fnt
|faint|p1a: Hatterene
|
|upkeep
|
|t:|1686004597
|switch|p1a: Chien-Pao|Chien-Pao|100/100
|-ability|p1a: Chien-Pao|Sword of Ruin
|turn|15
|
|t:|1686004601
|move|p1a: Chien-Pao|Ice Spinner|p2a: armored dog
|-resisted|p2a: armored dog
|-damage|p2a: armored dog|4/100
|move|p2a: armored dog|Behemoth Bash|p1a: Chien-Pao
|-supereffective|p1a: Chien-Pao
|-damage|p1a: Chien-Pao|0 fnt
|faint|p1a: Chien-Pao
|
|win|Ryu-09
|raw|youngJizzy's rating: 1292 → 1268(-24 for losing)
|raw|Ryu-09's rating: 1306 → 1325(+19 for winning)
|l|☆youngJizzy
