|j|☆Goodstranger
|j|☆supacrunch
|t:|1686005467
|gametype|singles
|player|p1|Goodstranger|2|1435
|player|p2|supacrunch|pokemonranger-gen4|1436
|teamsize|p1|6
|teamsize|p2|6
|gen|9
|tier|[Gen 9] OU
|rated|
|rule|Sleep Clause Mod: Limit one foe put to sleep
|rule|Species Clause: Limit one of each Pokémon
|rule|OHKO Clause: OHKO moves are banned
|rule|Evasion Items Clause: Evasion items are banned
|rule|Evasion Moves Clause: Evasion moves are banned
|rule|Endless Battle Clause: Forcing endless battles is banned
|rule|HP Percentage Mod: HP is shown in percentages
|clearpoke
|poke|p1|Chien-Pao|
|poke|p1|Hoopa-Unbound|
|poke|p1|Lilligant-Hisui, F|
|poke|p1|Sneasler, F|
|poke|p1|Glimmora, F|
|poke|p1|Dragapult, F|
|poke|p2|Arcanine-Hisui, M|
|poke|p2|Masquerain, M|
|poke|p2|Zoroark-Hisui, M|
|poke|p2|Kingambit, M|
|poke|p2|Great Tusk|
|poke|p2|Gastrodon-East, F|
|teampreview
|c|☆supacrunch|glhf!
|inactive|Battle timer is ON: inactive players will automatically lose when time's up. (requested by supacrunch)
|
|t:|1686005488
|start
|switch|p1a: Glimmora|Glimmora, F|100/100
|switch|p2a: Obediah|Great Tusk, shiny|100/100
|turn|1
|
|t:|1686005499
|move|p2a: Obediah|Psychic|p1a: Glimmora
|-supereffective|p1a: Glimmora
|-enditem|p1a: Glimmora|Focus Sash
|-damage|p1a: Glimmora|1/100
|move|p1a: Glimmora|Mortal Spin|p2a: Obediah
|-resisted|p2a: Obediah
|-damage|p2a: Obediah|95/100
|-status|p2a: Obediah|psn
|replace|p2a: Tsukuyomi|Zoroark-Hisui, M, shiny
|-end|p2a: Tsukuyomi|Illusion
|
|-damage|p2a: Tsukuyomi|82/100 psn|[from] psn
|upkeep
|turn|2
|
|t:|1686005513
|switch|p1a: Hoopa|Hoopa-Unbound|100/100
|move|p2a: Tsukuyomi|Psychic|p1a: Hoopa
|-immune|p1a: Hoopa
|
|-damage|p2a: Tsukuyomi|70/100 psn|[from] psn
|upkeep
|turn|3
|
|t:|1686005525
|switch|p2a: Dulcinea|Gastrodon-East, F|100/100
|move|p1a: Hoopa|Dark Pulse|p2a: Dulcinea
|-damage|p2a: Dulcinea|65/100
|
|-heal|p2a: Dulcinea|71/100|[from] item: Leftovers
|upkeep
|turn|4
|
|t:|1686005536
|switch|p1a: Lilligant|Lilligant-Hisui, F|100/100
|move|p2a: Dulcinea|Earth Power|p1a: Lilligant
|-resisted|p1a: Lilligant
|-damage|p1a: Lilligant|77/100
|
|-heal|p2a: Dulcinea|77/100|[from] item: Leftovers
|upkeep
|turn|5
|
|t:|1686005542
|switch|p2a: Miles Masquerales|Masquerain, M|100/100
|-ability|p2a: Miles Masquerales|Intimidate|boost
|-unboost|p1a: Lilligant|atk|1
|move|p1a: Lilligant|Victory Dance|p1a: Lilligant
|-boost|p1a: Lilligant|atk|1
|-boost|p1a: Lilligant|def|1
|-boost|p1a: Lilligant|spe|1
|
|upkeep
|turn|6
|
|t:|1686005546
|move|p1a: Lilligant|Sleep Powder|p2a: Miles Masquerales
|-status|p2a: Miles Masquerales|slp|[from] move: Sleep Powder
|cant|p2a: Miles Masquerales|slp
|
|upkeep
|turn|7
|
|t:|1686005557
|switch|p1a: Chien-Pao|Chien-Pao|100/100
|-ability|p1a: Chien-Pao|Sword of Ruin
|-curestatus|p2a: Miles Masquerales|slp|[msg]
|move|p2a: Miles Masquerales|Sticky Web|p1a: Chien-Pao
|-sidestart|p1: Goodstranger|move: Sticky Web
|
|upkeep
|turn|8
|
|t:|1686005563
|move|p1a: Chien-Pao|Crunch|p2a: Miles Masquerales
|-enditem|p2a: Miles Masquerales|Focus Sash
|-damage|p2a: Miles Masquerales|1/100
|move|p2a: Miles Masquerales|Air Slash|p1a: Chien-Pao
|-damage|p1a: Chien-Pao|53/100
|
|upkeep
|turn|9
|
|t:|1686005573
|move|p1a: Chien-Pao|Crunch|p2a: Miles Masquerales
|-damage|p2a: Miles Masquerales|0 fnt
|faint|p2a: Miles Masquerales
|
|upkeep
|inactive|supacrunch has 120 seconds left.
|
|t:|1686005607
|switch|p2a: Budda Dawg|Arcanine-Hisui, M, shiny|100/100
|turn|10
|
|t:|1686005619
|switch|p1a: Glimmora|Glimmora, F|1/100
|-activate|p1a: Glimmora|move: Sticky Web
|-unboost|p1a: Glimmora|spe|1
|move|p2a: Budda Dawg|Extreme Speed|p1a: Glimmora
|-resisted|p1a: Glimmora
|-damage|p1a: Glimmora|0 fnt
|-activate|p1a: Glimmora|ability: Toxic Debris
|-sidestart|p2: supacrunch|move: Toxic Spikes
|faint|p1a: Glimmora
|
|upkeep
|
|t:|1686005626
|switch|p1a: Dragapult|Dragapult, F|100/100
|-activate|p1a: Dragapult|move: Sticky Web
|-unboost|p1a: Dragapult|spe|1
|turn|11
|
|t:|1686005633
|switch|p2a: Obediah|Great Tusk, shiny|70/100 psn
|move|p1a: Dragapult|Draco Meteor|p2a: Obediah
|-damage|p2a: Obediah|0 fnt
|-unboost|p1a: Dragapult|spa|2
|replace|p2a: Tsukuyomi|Zoroark-Hisui, M, shiny
|-end|p2a: Tsukuyomi|Illusion
|faint|p2a: Tsukuyomi
|
|upkeep
|inactive|supacrunch has 120 seconds left.
|
|t:|1686005659
|switch|p2a: Budda Dawg|Arcanine-Hisui, M, shiny|100/100
|-status|p2a: Budda Dawg|psn
|turn|12
|
|t:|1686005670
|switch|p1a: Chien-Pao|Chien-Pao|53/100
|-activate|p1a: Chien-Pao|move: Sticky Web
|-unboost|p1a: Chien-Pao|spe|1
|-ability|p1a: Chien-Pao|Sword of Ruin
|move|p2a: Budda Dawg|Head Smash|p1a: Chien-Pao
|-supereffective|p1a: Chien-Pao
|-damage|p1a: Chien-Pao|0 fnt
|faint|p1a: Chien-Pao
|
|-damage|p2a: Budda Dawg|88/100 psn|[from] psn
|upkeep
|
|t:|1686005677
|switch|p1a: Sneasler|Sneasler, F|100/100
|-activate|p1a: Sneasler|move: Sticky Web
|-unboost|p1a: Sneasler|spe|1
|turn|13
|
|t:|1686005684
|switch|p2a: Obediah|Great Tusk, shiny|100/100
|-status|p2a: Obediah|psn
|move|p1a: Sneasler|Close Combat|p2a: Obediah
|-crit|p2a: Obediah
|-damage|p2a: Obediah|2/100 psn
|-unboost|p1a: Sneasler|def|1
|-unboost|p1a: Sneasler|spd|1
|
|-damage|p2a: Obediah|0 fnt|[from] psn
|faint|p2a: Obediah
|-end|p2a: Obediah|Protosynthesis|[silent]
|upkeep
|
|t:|1686005690
|switch|p2a: Budda Dawg|Arcanine-Hisui, M, shiny|88/100 psn
|turn|14
|
|t:|1686005699
|switch|p1a: Hoopa|Hoopa-Unbound|100/100
|-activate|p1a: Hoopa|move: Sticky Web
|-unboost|p1a: Hoopa|spe|1
|move|p2a: Budda Dawg|Flare Blitz|p1a: Hoopa
|-damage|p1a: Hoopa|0 fnt
|faint|p1a: Hoopa
|
|-damage|p2a: Budda Dawg|76/100 psn|[from] psn
|upkeep
|
|t:|1686005706
|switch|p1a: Dragapult|Dragapult, F|100/100
|-activate|p1a: Dragapult|move: Sticky Web
|-unboost|p1a: Dragapult|spe|1
|turn|15
|
|t:|1686005713
|switch|p2a: Dulcinea|Gastrodon-East, F|77/100
|-status|p2a: Dulcinea|psn
|move|p1a: Dragapult|U-turn|p2a: Dulcinea
|-damage|p2a: Dulcinea|58/100 psn
|
|t:|1686005718
|switch|p1a: Lilligant|Lilligant-Hisui, F|77/100|[from] U-turn
|-activate|p1a: Lilligant|move: Sticky Web
|-unboost|p1a: Lilligant|spe|1
|
|-heal|p2a: Dulcinea|65/100 psn|[from] item: Leftovers
|-damage|p2a: Dulcinea|52/100 psn|[from] psn
|upkeep
|turn|16
|
|t:|1686005740
|move|p1a: Lilligant|Victory Dance|p1a: Lilligant
|-boost|p1a: Lilligant|atk|1
|-boost|p1a: Lilligant|def|1
|-boost|p1a: Lilligant|spe|1
|move|p2a: Dulcinea|Ice Beam|p1a: Lilligant
|-supereffective|p1a: Lilligant
|-damage|p1a: Lilligant|17/100
|
|-heal|p2a: Dulcinea|58/100 psn|[from] item: Leftovers
|-damage|p2a: Dulcinea|46/100 psn|[from] psn
|upkeep
|turn|17
|
|t:|1686005747
|move|p1a: Lilligant|Leaf Blade|p2a: Dulcinea
|-supereffective|p2a: Dulcinea
|-damage|p2a: Dulcinea|0 fnt
|faint|p2a: Dulcinea
|
|upkeep
|
|t:|1686005752
|switch|p2a: Budda Dawg|Arcanine-Hisui, M, shiny|76/100 psn
|turn|18
|inactive|Goodstranger has 120 seconds left.
|
|t:|1686005789
|switch|p1a: Dragapult|Dragapult, F|100/100
|-activate|p1a: Dragapult|move: Sticky Web
|-unboost|p1a: Dragapult|spe|1
|move|p2a: Budda Dawg|Flare Blitz|p1a: Dragapult
|-resisted|p1a: Dragapult
|-damage|p1a: Dragapult|40/100
|
|-damage|p2a: Budda Dawg|63/100 psn|[from] psn
|upkeep
|turn|19
|inactive|Goodstranger has 120 seconds left.
|
|t:|1686005798
|move|p2a: Budda Dawg|Flare Blitz|p1a: Dragapult
|-resisted|p1a: Dragapult
|-damage|p1a: Dragapult|0 fnt
|faint|p1a: Dragapult
|
|-damage|p2a: Budda Dawg|51/100 psn|[from] psn
|upkeep
|
|t:|1686005801
|switch|p1a: Sneasler|Sneasler, F|100/100
|-activate|p1a: Sneasler|move: Sticky Web
|-unboost|p1a: Sneasler|spe|1
|turn|20
|
|t:|1686005805
|move|p2a: Budda Dawg|Flare Blitz|p1a: Sneasler
|-damage|p1a: Sneasler|0 fnt
|faint|p1a: Sneasler
|
|-damage|p2a: Budda Dawg|39/100 psn|[from] psn
|upkeep
|
|t:|1686005808
|switch|p1a: Lilligant|Lilligant-Hisui, F|17/100
|-activate|p1a: Lilligant|move: Sticky Web
|-unboost|p1a: Lilligant|spe|1
|turn|21
|
|t:|1686005810
|move|p2a: Budda Dawg|Flare Blitz|p1a: Lilligant
|-supereffective|p1a: Lilligant
|-damage|p1a: Lilligant|0 fnt
|faint|p1a: Lilligant
|
|win|supacrunch
|raw|Goodstranger's rating: 1435 → 1415(-20 for losing)
|raw|supacrunch's rating: 1436 → 1456(+20 for winning)
