|j|☆Saffron City Gards
|j|☆Youressi
|t:|1685997661
|gametype|singles
|player|p1|Saffron City Gards|lucian|1347
|player|p2|Youressi|mira|1256
|teamsize|p1|6
|teamsize|p2|6
|gen|9
|tier|[Gen 9] OU
|rated|
|rule|Sleep Clause Mod: Limit one foe put to sleep
|rule|Species Clause: Limit one of each Pokémon
|rule|OHKO Clause: OHKO moves are banned
|rule|Evasion Items Clause: Evasion items are banned
|rule|Evasion Moves Clause: Evasion moves are banned
|rule|Endless Battle Clause: Forcing endless battles is banned
|rule|HP Percentage Mod: HP is shown in percentages
|clearpoke
|poke|p1|Typhlosion, F|
|poke|p1|Great Tusk|
|poke|p1|Slowking, M|
|poke|p1|Amoonguss, F|
|poke|p1|Dragonite, F|
|poke|p1|Kingambit, M|
|poke|p2|Samurott-Hisui, F|
|poke|p2|Dragapult, M|
|poke|p2|Sneasler, M|
|poke|p2|Enamorus, F|
|poke|p2|Volcarona, F|
|poke|p2|Zamazenta-*|
|teampreview
|
|t:|1685997677
|start
|switch|p1a: Seth Rollins|Typhlosion, F|100/100
|switch|p2a: Dreepy Airlines|Dragapult, M|100/100
|turn|1
|
|t:|1685997720
|-terastallize|p1a: Seth Rollins|Fairy
|move|p1a: Seth Rollins|Tera Blast|p2a: Dreepy Airlines
|-supereffective|p2a: Dreepy Airlines
|-damage|p2a: Dreepy Airlines|13/100
|move|p2a: Dreepy Airlines|Light Screen|p2a: Dreepy Airlines
|-sidestart|p2: Youressi|move: Light Screen
|
|upkeep
|turn|2
|
|t:|1685997727
|move|p1a: Seth Rollins|Tera Blast|p2a: Dreepy Airlines
|-supereffective|p2a: Dreepy Airlines
|-damage|p2a: Dreepy Airlines|0 fnt
|faint|p2a: Dreepy Airlines
|
|upkeep
|
|t:|1685997732
|switch|p2a: Xander|Sneasler, M|100/100
|-item|p2a: Xander|Air Balloon
|turn|3
|
|t:|1685997759
|switch|p1a: Paul Heyman|Slowking, M|100/100
|move|p2a: Xander|Dire Claw|p1a: Paul Heyman
|-damage|p1a: Paul Heyman|53/100
|
|upkeep
|turn|4
|
|t:|1685997774
|move|p2a: Xander|Swords Dance|p2a: Xander
|-boost|p2a: Xander|atk|2
|move|p1a: Paul Heyman|Future Sight|p2a: Xander
|-start|p1a: Paul Heyman|move: Future Sight
|
|upkeep
|turn|5
|
|t:|1685997781
|switch|p1a: Solo Sikoa|Amoonguss, F, shiny|100/100
|move|p2a: Xander|Dire Claw|p1a: Solo Sikoa
|-damage|p1a: Solo Sikoa|30/100
|
|upkeep
|turn|6
|
|t:|1685997790
|switch|p1a: Paul Heyman|Slowking, M|86/100
|-terastallize|p2a: Xander|Flying
|move|p2a: Xander|Acrobatics|p1a: Paul Heyman
|-crit|p1a: Paul Heyman
|-damage|p1a: Paul Heyman|0 fnt
|faint|p1a: Paul Heyman
|
|-end|p2a: Xander|move: Future Sight
|-damage|p2a: Xander|77/100
|-enditem|p2a: Xander|Air Balloon
|upkeep
|
|t:|1685997816
|switch|p1a: Edge|Dragonite, F|100/100
|turn|7
|
|t:|1685997824
|move|p1a: Edge|Extreme Speed|p2a: Xander
|-damage|p2a: Xander|29/100
|move|p2a: Xander|Acrobatics|p1a: Edge
|-damage|p1a: Edge|34/100
|
|upkeep
|turn|8
|
|t:|1685997834
|move|p1a: Edge|Extreme Speed|p2a: Xander
|-damage|p2a: Xander|0 fnt
|faint|p2a: Xander
|
|-sideend|p2: Youressi|move: Light Screen
|upkeep
|
|t:|1685997843
|switch|p2a: Mozu|Enamorus, F|100/100
|turn|9
|
|t:|1685997848
|switch|p1a: Solo Sikoa|Amoonguss, F, shiny|64/100
|move|p2a: Mozu|Moonblast|p1a: Solo Sikoa
|-resisted|p1a: Solo Sikoa
|-damage|p1a: Solo Sikoa|44/100
|
|upkeep
|turn|10
|
|t:|1685997855
|move|p2a: Mozu|Mystical Fire|p1a: Solo Sikoa
|-supereffective|p1a: Solo Sikoa
|-damage|p1a: Solo Sikoa|0 fnt
|faint|p1a: Solo Sikoa
|
|upkeep
|
|t:|1685997866
|switch|p1a: Seth Rollins|Typhlosion, F, tera:Fairy|100/100
|turn|11
|
|t:|1685997875
|move|p1a: Seth Rollins|Eruption|p2a: Mozu
|-damage|p2a: Mozu|0 fnt
|faint|p2a: Mozu
|
|upkeep
|
|t:|1685997880
|switch|p2a: Kenshi|Samurott-Hisui, F|100/100
|turn|12
|
|t:|1685997893
|switch|p1a: Edge|Dragonite, F|34/100
|move|p2a: Kenshi|Aqua Jet|p1a: Edge
|-resisted|p1a: Edge
|-damage|p1a: Edge|23/100
|
|upkeep
|turn|13
|
|t:|1685997901
|move|p1a: Edge|Extreme Speed|p2a: Kenshi
|-damage|p2a: Kenshi|63/100
|move|p2a: Kenshi|Razor Shell|p1a: Edge|[miss]
|-miss|p2a: Kenshi|p1a: Edge
|
|upkeep
|turn|14
|
|t:|1685997926
|move|p2a: Kenshi|Razor Shell|p1a: Edge
|-resisted|p1a: Edge
|-damage|p1a: Edge|0 fnt
|faint|p1a: Edge
|
|upkeep
|
|t:|1685997935
|switch|p1a: Seth Rollins|Typhlosion, F, tera:Fairy|100/100
|turn|15
|
|t:|1685997939
|move|p2a: Kenshi|Aqua Jet|p1a: Seth Rollins
|-damage|p1a: Seth Rollins|72/100
|move|p1a: Seth Rollins|Tera Blast|p2a: Kenshi
|-supereffective|p2a: Kenshi
|-damage|p2a: Kenshi|0 fnt
|faint|p2a: Kenshi
|
|upkeep
|
|t:|1685997954
|switch|p2a: Iblis|Volcarona, F|100/100
|turn|16
|
|t:|1685997960
|switch|p1a: John Cena|Great Tusk|100/100
|move|p2a: Iblis|Fiery Dance|p1a: John Cena
|-damage|p1a: John Cena|42/100
|-boost|p2a: Iblis|spa|1
|
|-heal|p1a: John Cena|48/100|[from] item: Leftovers
|upkeep
|turn|17
|inactive|Battle timer is ON: inactive players will automatically lose when time's up. (requested by Youressi)
|
|t:|1685998085
|move|p2a: Iblis|Quiver Dance|p2a: Iblis
|-boost|p2a: Iblis|spa|1
|-boost|p2a: Iblis|spd|1
|-boost|p2a: Iblis|spe|1
|move|p1a: John Cena|Earthquake|p2a: Iblis
|-damage|p2a: Iblis|28/100
|
|-heal|p1a: John Cena|54/100|[from] item: Leftovers
|upkeep
|turn|18
|
|t:|1685998097
|move|p2a: Iblis|Fiery Dance|p1a: John Cena
|-damage|p1a: John Cena|0 fnt
|-boost|p2a: Iblis|spa|1
|faint|p1a: John Cena
|-end|p1a: John Cena|Protosynthesis|[silent]
|
|upkeep
|
|t:|1685998106
|switch|p1a: King of Kings HHH|Kingambit, M|100/100
|-activate|p1a: King of Kings HHH|ability: Supreme Overlord
|-start|p1a: King of Kings HHH|fallen4|[silent]
|turn|19
|
|t:|1685998121
|move|p1a: King of Kings HHH|Sucker Punch|p2a: Iblis
|-damage|p2a: Iblis|0 fnt
|faint|p2a: Iblis
|
|upkeep
|
|t:|1685998125
|switch|p2a: Galahad|Zamazenta-Crowned|100/100
|-ability|p2a: Galahad|Dauntless Shield|boost
|-boost|p2a: Galahad|def|1
|turn|20
|
|t:|1685998133
|move|p2a: Galahad|Body Press|p1a: King of Kings HHH
|-supereffective|p1a: King of Kings HHH
|-damage|p1a: King of Kings HHH|0 fnt
|faint|p1a: King of Kings HHH
|-end|p1a: King of Kings HHH|fallen4|[silent]
|
|upkeep
|
|t:|1685998155
|switch|p1a: Seth Rollins|Typhlosion, F, tera:Fairy|72/100
|turn|21
|inactive|Saffron City Gards has 120 seconds left.
|
|t:|1685998180
|move|p1a: Seth Rollins|Eruption|p2a: Galahad
|-supereffective|p2a: Galahad
|-damage|p2a: Galahad|16/100
|move|p2a: Galahad|Behemoth Bash|p1a: Seth Rollins
|-supereffective|p1a: Seth Rollins
|-crit|p1a: Seth Rollins
|-damage|p1a: Seth Rollins|0 fnt
|faint|p1a: Seth Rollins
|
|win|Youressi
|raw|Saffron City Gards's rating: 1347 → 1322(-25 for losing)
|raw|Youressi's rating: 1256 → 1287(+31 for winning)
