|j|‽Itch237
|j|☆thecuckwarrior
|t:|1686000369
|gametype|singles
|player|p1|Itch237|elesa|1365
|player|p2|thecuckwarrior|swimmer|1293
|teamsize|p1|6
|teamsize|p2|6
|gen|9
|tier|[Gen 9] OU
|rated|
|rule|Sleep Clause Mod: Limit one foe put to sleep
|rule|Species Clause: Limit one of each Pokémon
|rule|OHKO Clause: OHKO moves are banned
|rule|Evasion Items Clause: Evasion items are banned
|rule|Evasion Moves Clause: Evasion moves are banned
|rule|Endless Battle Clause: Forcing endless battles is banned
|rule|HP Percentage Mod: HP is shown in percentages
|clearpoke
|poke|p1|Glimmora, M|
|poke|p1|Great Tusk|
|poke|p1|Hoopa-Unbound|
|poke|p1|Samurott-Hisui, F|
|poke|p1|Zapdos|
|poke|p1|Gholdengo|
|poke|p2|Basculegion, M|
|poke|p2|Pelipper, F|
|poke|p2|Quagsire, M|
|poke|p2|Greninja, F|
|poke|p2|Overqwil, F|
|poke|p2|Zapdos|
|teampreview
|inactive|Battle timer is ON: inactive players will automatically lose when time's up. (requested by Itch237)
|
|t:|1686000383
|start
|switch|p1a: Glimmora|Glimmora, M|100/100
|switch|p2a: Pelipper|Pelipper, F, shiny|100/100
|-weather|RainDance|[from] ability: Drizzle|[of] p2a: Pelipper
|turn|1
|
|t:|1686000409
|switch|p1a: Zapdos|Zapdos|100/100
|move|p2a: Pelipper|Hydro Pump|p1a: Zapdos
|-damage|p1a: Zapdos|52/100
|
|-weather|RainDance|[upkeep]
|upkeep
|turn|2
|l|☆thecuckwarrior
|inactive|thecuckwarrior disconnected and has a minute to reconnect!
|player|p2|
|j|☆thecuckwarrior
|inactive|thecuckwarrior reconnected and has 130 seconds left.
|player|p2|thecuckwarrior|swimmer
|inactive|thecuckwarrior has 120 seconds left.
|
|t:|1686000425
|switch|p2a: Quagsire|Quagsire, M, shiny|100/100
|move|p1a: Zapdos|Roost|p1a: Zapdos
|-heal|p1a: Zapdos|100/100
|-singleturn|p1a: Zapdos|move: Roost
|
|-weather|RainDance|[upkeep]
|upkeep
|turn|3
|inactive|thecuckwarrior has 120 seconds left.
|
|t:|1686000435
|switch|p1a: Glimmora|Glimmora, M|100/100
|move|p2a: Quagsire|Toxic|p1a: Glimmora
|-immune|p1a: Glimmora
|
|-weather|RainDance|[upkeep]
|upkeep
|turn|4
|
|t:|1686000444
|switch|p2a: Pelipper|Pelipper, F, shiny|100/100
|move|p1a: Glimmora|Energy Ball|p2a: Pelipper
|-damage|p2a: Pelipper|52/100
|
|-weather|RainDance|[upkeep]
|upkeep
|turn|5
|
|t:|1686000452
|move|p1a: Glimmora|Energy Ball|p2a: Pelipper
|-damage|p2a: Pelipper|6/100
|move|p2a: Pelipper|Roost|p2a: Pelipper
|-heal|p2a: Pelipper|56/100
|-singleturn|p2a: Pelipper|move: Roost
|
|-weather|RainDance|[upkeep]
|upkeep
|turn|6
|
|t:|1686000463
|move|p1a: Glimmora|Energy Ball|p2a: Pelipper
|-damage|p2a: Pelipper|5/100
|move|p2a: Pelipper|Hydro Pump|p1a: Glimmora
|-supereffective|p1a: Glimmora
|-damage|p1a: Glimmora|0 fnt
|faint|p1a: Glimmora
|
|-weather|RainDance|[upkeep]
|upkeep
|
|t:|1686000477
|switch|p1a: Great Tusk|Great Tusk|100/100
|turn|7
|
|t:|1686000487
|switch|p2a: Quagsire|Quagsire, M, shiny|100/100
|move|p1a: Great Tusk|Close Combat|p2a: Quagsire
|-damage|p2a: Quagsire|40/100
|-unboost|p1a: Great Tusk|def|1
|-unboost|p1a: Great Tusk|spd|1
|
|-weather|RainDance|[upkeep]
|-heal|p2a: Quagsire|46/100|[from] item: Leftovers
|upkeep
|turn|8
|
|t:|1686000500
|switch|p2a: Zapdos|Zapdos, shiny|100/100
|move|p1a: Great Tusk|Close Combat|p2a: Zapdos
|-resisted|p2a: Zapdos
|-damage|p2a: Zapdos|47/100
|-unboost|p1a: Great Tusk|def|1
|-unboost|p1a: Great Tusk|spd|1
|
|-weather|none
|upkeep
|turn|9
|
|t:|1686000512
|-end|p1a: Great Tusk|Protosynthesis|[silent]
|switch|p1a: Zapdos|Zapdos|100/100
|move|p2a: Zapdos|Hurricane|p1a: Zapdos
|-resisted|p1a: Zapdos
|-damage|p1a: Zapdos|61/100
|
|upkeep
|turn|10
|
|t:|1686000527
|switch|p2a: Quagsire|Quagsire, M, shiny|46/100
|move|p1a: Zapdos|Hurricane|p2a: Quagsire
|-damage|p2a: Quagsire|0 fnt
|faint|p2a: Quagsire
|
|upkeep
|
|t:|1686000537
|switch|p2a: Pelipper|Pelipper, F, shiny|5/100
|-weather|RainDance|[from] ability: Drizzle|[of] p2a: Pelipper
|turn|11
|
|t:|1686000544
|move|p1a: Zapdos|Volt Switch|p2a: Pelipper
|-supereffective|p2a: Pelipper
|-damage|p2a: Pelipper|0 fnt
|faint|p2a: Pelipper
|
|t:|1686000551
|switch|p1a: Samurott|Samurott-Hisui, F|100/100|[from] Volt Switch
|
|-weather|RainDance|[upkeep]
|upkeep
|
|t:|1686000558
|switch|p2a: Zapdos|Zapdos, shiny|47/100
|turn|12
|
|t:|1686000569
|move|p2a: Zapdos|Hurricane|p1a: Samurott
|-damage|p1a: Samurott|0 fnt
|faint|p1a: Samurott
|
|-weather|RainDance|[upkeep]
|upkeep
|
|t:|1686000576
|switch|p1a: Zapdos|Zapdos|61/100
|turn|13
|
|t:|1686000583
|switch|p2a: Overqwil|Overqwil, F, shiny|100/100
|move|p1a: Zapdos|Roost|p1a: Zapdos
|-heal|p1a: Zapdos|100/100
|-singleturn|p1a: Zapdos|move: Roost
|
|-weather|RainDance|[upkeep]
|upkeep
|turn|14
|
|t:|1686000592
|move|p2a: Overqwil|Stockpile|p2a: Overqwil
|-start|p2a: Overqwil|stockpile1
|-boost|p2a: Overqwil|def|1
|-boost|p2a: Overqwil|spd|1
|move|p1a: Zapdos|Volt Switch|p2a: Overqwil
|-damage|p2a: Overqwil|74/100
|
|t:|1686000599
|switch|p1a: Great Tusk|Great Tusk|100/100|[from] Volt Switch
|
|-weather|RainDance|[upkeep]
|-heal|p2a: Overqwil|80/100|[from] item: Leftovers
|upkeep
|turn|15
|
|t:|1686000609
|-terastallize|p2a: Overqwil|Water
|move|p2a: Overqwil|Stockpile|p2a: Overqwil
|-start|p2a: Overqwil|stockpile2
|-boost|p2a: Overqwil|def|1
|-boost|p2a: Overqwil|spd|1
|move|p1a: Great Tusk|Headlong Rush|p2a: Overqwil
|-damage|p2a: Overqwil|36/100
|-unboost|p1a: Great Tusk|def|1
|-unboost|p1a: Great Tusk|spd|1
|
|-weather|RainDance|[upkeep]
|-heal|p2a: Overqwil|42/100|[from] item: Leftovers
|upkeep
|turn|16
|
|t:|1686000626
|-end|p1a: Great Tusk|Protosynthesis|[silent]
|switch|p1a: Zapdos|Zapdos|100/100
|move|p2a: Overqwil|Rest|p2a: Overqwil
|-status|p2a: Overqwil|slp|[from] move: Rest
|-heal|p2a: Overqwil|100/100 slp|[silent]
|
|-weather|RainDance|[upkeep]
|upkeep
|turn|17
|
|t:|1686000637
|-terastallize|p1a: Zapdos|Electric
|cant|p2a: Overqwil|slp
|move|p2a: Overqwil|Sleep Talk|p2a: Overqwil
|move|p2a: Overqwil|Barb Barrage|p1a: Zapdos|[from]move: Sleep Talk
|-damage|p1a: Zapdos|80/100
|-status|p1a: Zapdos|psn
|move|p1a: Zapdos|Volt Switch|p2a: Overqwil
|-supereffective|p2a: Overqwil
|-damage|p2a: Overqwil|46/100 slp
|
|t:|1686000648
|switch|p1a: Great Tusk|Great Tusk|100/100|[from] Volt Switch
|
|-weather|RainDance|[upkeep]
|-heal|p2a: Overqwil|52/100 slp|[from] item: Leftovers
|upkeep
|turn|18
|
|t:|1686000657
|cant|p2a: Overqwil|slp
|move|p2a: Overqwil|Sleep Talk|p2a: Overqwil
|move|p2a: Overqwil|Barb Barrage|p1a: Great Tusk|[from]move: Sleep Talk
|-resisted|p1a: Great Tusk
|-damage|p1a: Great Tusk|92/100
|-status|p1a: Great Tusk|psn
|move|p1a: Great Tusk|Stealth Rock|p2a: Overqwil
|-sidestart|p2: thecuckwarrior|move: Stealth Rock
|
|-weather|none
|-heal|p2a: Overqwil|58/100 slp|[from] item: Leftovers
|-damage|p1a: Great Tusk|79/100 psn|[from] psn
|upkeep
|turn|19
|
|t:|1686000674
|-end|p1a: Great Tusk|Protosynthesis|[silent]
|switch|p1a: Gholdengo|Gholdengo|100/100
|-curestatus|p2a: Overqwil|slp|[msg]
|move|p2a: Overqwil|Stockpile|p2a: Overqwil
|-start|p2a: Overqwil|stockpile3
|-boost|p2a: Overqwil|def|1
|-boost|p2a: Overqwil|spd|1
|
|-heal|p2a: Overqwil|64/100|[from] item: Leftovers
|upkeep
|turn|20
|
|t:|1686000686
|move|p2a: Overqwil|Rest|p2a: Overqwil
|-status|p2a: Overqwil|slp|[from] move: Rest
|-heal|p2a: Overqwil|100/100 slp|[silent]
|move|p1a: Gholdengo|Shadow Ball|p2a: Overqwil
|-damage|p2a: Overqwil|80/100 slp
|
|-heal|p2a: Overqwil|87/100 slp|[from] item: Leftovers
|upkeep
|turn|21
|inactive|thecuckwarrior has 120 seconds left.
|inactive|thecuckwarrior has 90 seconds left.
|
|t:|1686000747
|cant|p2a: Overqwil|slp
|move|p2a: Overqwil|Sleep Talk|p2a: Overqwil
|move|p2a: Overqwil|Rest||[from]move: Sleep Talk|[still]
|-fail|p2a: Overqwil
|move|p1a: Gholdengo|Nasty Plot|p1a: Gholdengo
|-boost|p1a: Gholdengo|spa|2
|
|-heal|p2a: Overqwil|93/100 slp|[from] item: Leftovers
|upkeep
|turn|22
|inactive|thecuckwarrior has 90 seconds left.
|
|t:|1686000760
|cant|p2a: Overqwil|slp
|move|p2a: Overqwil|Sleep Talk|p2a: Overqwil
|move|p2a: Overqwil|Rest||[from]move: Sleep Talk|[still]
|-fail|p2a: Overqwil
|move|p1a: Gholdengo|Shadow Ball|p2a: Overqwil
|-damage|p2a: Overqwil|52/100 slp
|
|-heal|p2a: Overqwil|59/100 slp|[from] item: Leftovers
|upkeep
|turn|23
|inactive|thecuckwarrior has 90 seconds left.
|
|t:|1686000777
|-curestatus|p2a: Overqwil|slp|[msg]
|move|p2a: Overqwil|Stockpile||[still]
|-fail|p2a: Overqwil
|move|p1a: Gholdengo|Nasty Plot|p1a: Gholdengo
|-boost|p1a: Gholdengo|spa|2
|
|-heal|p2a: Overqwil|65/100|[from] item: Leftovers
|upkeep
|turn|24
|
|t:|1686000787
|move|p2a: Overqwil|Barb Barrage|p1a: Gholdengo
|-immune|p1a: Gholdengo
|move|p1a: Gholdengo|Shadow Ball|p2a: Overqwil
|-damage|p2a: Overqwil|4/100
|
|-heal|p2a: Overqwil|10/100|[from] item: Leftovers
|upkeep
|turn|25
|inactive|thecuckwarrior has 90 seconds left.
|-message|thecuckwarrior forfeited.
|
|win|Itch237
|raw|Itch237's rating: 1365 → 1381(+16 for winning)
|raw|thecuckwarrior's rating: 1293 → 1273(-20 for losing)
|l|☆thecuckwarrior
