|j|‽The Gallade Man
|j|☆Moilepokemon2
|t:|1686010706
|gametype|singles
|player|p1|The Gallade Man|wally|1513
|player|p2|Moilepokemon2|266|1422
|teamsize|p1|6
|teamsize|p2|6
|gen|9
|tier|[Gen 9] OU
|rated|
|rule|Sleep Clause Mod: Limit one foe put to sleep
|rule|Species Clause: Limit one of each Pokémon
|rule|OHKO Clause: OHKO moves are banned
|rule|Evasion Items Clause: Evasion items are banned
|rule|Evasion Moves Clause: Evasion moves are banned
|rule|Endless Battle Clause: Forcing endless battles is banned
|rule|HP Percentage Mod: HP is shown in percentages
|clearpoke
|poke|p1|Landorus-Therian, M|
|poke|p1|Rillaboom, M|
|poke|p1|Cinderace, M|
|poke|p1|Gallade, M|
|poke|p1|Iron Valiant|
|poke|p1|Tinkaton, F|
|poke|p2|Urshifu-*, M|
|poke|p2|Slowking-Galar, F|
|poke|p2|Great Tusk|
|poke|p2|Dragapult, M|
|poke|p2|Zapdos|
|poke|p2|Garganacl, M|
|teampreview
|inactive|Battle timer is ON: inactive players will automatically lose when time's up. (requested by Moilepokemon2)
|inactive|The Gallade Man has 120 seconds left.
|
|t:|1686010754
|start
|switch|p1a: Gallade|Gallade, M|100/100
|switch|p2a: Urshifu|Urshifu-Rapid-Strike, M|100/100
|turn|1
|
|t:|1686010763
|switch|p2a: Zapdos|Zapdos|100/100
|move|p1a: Gallade|Psycho Cut|p2a: Zapdos
|-damage|p2a: Zapdos|64/100
|
|upkeep
|turn|2
|
|t:|1686010774
|switch|p1a: Landorus|Landorus-Therian, M|100/100
|-ability|p1a: Landorus|Intimidate|boost
|-unboost|p2a: Zapdos|atk|1
|move|p2a: Zapdos|Hurricane|p1a: Landorus
|-damage|p1a: Landorus|52/100
|
|-heal|p1a: Landorus|58/100|[from] item: Leftovers
|upkeep
|turn|3
|
|t:|1686010797
|switch|p2a: Urshifu|Urshifu-Rapid-Strike, M|100/100
|move|p1a: Landorus|U-turn|p2a: Urshifu
|-resisted|p2a: Urshifu
|-damage|p2a: Urshifu|90/100
|
|t:|1686010803
|switch|p1a: Gallade|Gallade, M|100/100|[from] U-turn
|
|upkeep
|turn|4
|
|t:|1686010811
|switch|p2a: Zapdos|Zapdos|64/100
|move|p1a: Gallade|Psycho Cut|p2a: Zapdos
|-damage|p2a: Zapdos|24/100
|
|upkeep
|turn|5
|
|t:|1686010815
|move|p1a: Gallade|Psycho Cut|p2a: Zapdos
|-damage|p2a: Zapdos|0 fnt
|faint|p2a: Zapdos
|
|upkeep
|
|t:|1686010817
|switch|p2a: Dragapult|Dragapult, M|100/100
|turn|6
|
|t:|1686010824
|switch|p1a: Tinkaton|Tinkaton, F|100/100
|-ability|p1a: Tinkaton|Mold Breaker
|-terastallize|p2a: Dragapult|Ghost
|move|p2a: Dragapult|Shadow Ball|p1a: Tinkaton
|-damage|p1a: Tinkaton|61/100
|
|upkeep
|turn|7
|
|t:|1686010836
|switch|p2a: Great Tusk|Great Tusk|100/100
|move|p1a: Tinkaton|Knock Off|p2a: Great Tusk
|-resisted|p2a: Great Tusk
|-damage|p2a: Great Tusk|94/100
|-enditem|p2a: Great Tusk|Leftovers|[from] move: Knock Off|[of] p1a: Tinkaton
|
|upkeep
|turn|8
|
|t:|1686010844
|-end|p2a: Great Tusk|Protosynthesis|[silent]
|switch|p2a: Dragapult|Dragapult, M, tera:Ghost|100/100
|switch|p1a: Rillaboom|Rillaboom, M|100/100
|-fieldstart|move: Grassy Terrain|[from] ability: Grassy Surge|[of] p1a: Rillaboom
|
|upkeep
|turn|9
|
|t:|1686010855
|move|p2a: Dragapult|Draco Meteor|p1a: Rillaboom
|-damage|p1a: Rillaboom|0 fnt
|-unboost|p2a: Dragapult|spa|2
|faint|p1a: Rillaboom
|
|upkeep
|
|t:|1686010871
|switch|p1a: Gallade|Gallade, M|100/100
|turn|10
|
|t:|1686010874
|switch|p2a: Garganacl|Garganacl, M|100/100
|move|p1a: Gallade|Psycho Cut|p2a: Garganacl
|-damage|p2a: Garganacl|67/100
|
|-heal|p2a: Garganacl|73/100|[from] Grassy Terrain
|-heal|p2a: Garganacl|79/100|[from] item: Leftovers
|upkeep
|turn|11
|
|t:|1686010890
|switch|p1a: Landorus|Landorus-Therian, M|58/100
|-ability|p1a: Landorus|Intimidate|boost
|-unboost|p2a: Garganacl|atk|1
|move|p2a: Garganacl|Salt Cure|p1a: Landorus
|-damage|p1a: Landorus|51/100
|-start|p1a: Landorus|Salt Cure
|
|-heal|p1a: Landorus|57/100|[from] item: Leftovers
|-heal|p2a: Garganacl|86/100|[from] Grassy Terrain
|-heal|p2a: Garganacl|92/100|[from] item: Leftovers
|-damage|p1a: Landorus|45/100|[from] Salt Cure
|upkeep
|turn|12
|
|t:|1686010903
|switch|p2a: Urshifu|Urshifu-Rapid-Strike, M|90/100
|move|p1a: Landorus|Stealth Rock|p2a: Urshifu
|-sidestart|p2: Moilepokemon2|move: Stealth Rock
|
|-heal|p2a: Urshifu|96/100|[from] Grassy Terrain
|-heal|p1a: Landorus|51/100|[from] item: Leftovers
|-damage|p1a: Landorus|39/100|[from] Salt Cure
|-fieldend|move: Grassy Terrain
|upkeep
|turn|13
|
|t:|1686010919
|move|p2a: Urshifu|Surging Strikes|p1a: Landorus
|-supereffective|p1a: Landorus
|-crit|p1a: Landorus
|-damage|p1a: Landorus|0 fnt
|faint|p1a: Landorus
|-hitcount|p1: Landorus|1
|
|upkeep
|
|t:|1686010929
|switch|p1a: Iron Valiant|Iron Valiant|100/100
|turn|14
|
|t:|1686010933
|switch|p2a: Slowking|Slowking-Galar, F|100/100
|-damage|p2a: Slowking|88/100|[from] Stealth Rock
|move|p1a: Iron Valiant|Psyshock|p2a: Slowking
|-damage|p2a: Slowking|47/100
|
|-heal|p2a: Slowking|53/100|[from] item: Leftovers
|upkeep
|turn|15
|
|t:|1686010942
|-end|p1a: Iron Valiant|Quark Drive|[silent]
|switch|p1a: Tinkaton|Tinkaton, F|61/100
|-ability|p1a: Tinkaton|Mold Breaker
|move|p2a: Slowking|Future Sight|p1a: Tinkaton
|-start|p2a: Slowking|move: Future Sight
|
|-heal|p2a: Slowking|59/100|[from] item: Leftovers
|upkeep
|turn|16
|
|t:|1686010956
|switch|p1a: Iron Valiant|Iron Valiant|100/100
|switch|p2a: Great Tusk|Great Tusk|94/100
|-damage|p2a: Great Tusk|91/100|[from] Stealth Rock
|
|upkeep
|turn|17
|raw|The server restart was canceled.
|
|t:|1686010964
|-terastallize|p1a: Iron Valiant|Fairy
|move|p1a: Iron Valiant|Moonblast|p2a: Great Tusk
|-supereffective|p2a: Great Tusk
|-damage|p2a: Great Tusk|0 fnt
|faint|p2a: Great Tusk
|-end|p2a: Great Tusk|Protosynthesis|[silent]
|
|-end|p1a: Iron Valiant|move: Future Sight
|-damage|p1a: Iron Valiant|27/100
|upkeep
|
|t:|1686010972
|switch|p2a: Dragapult|Dragapult, M, tera:Ghost|100/100
|-damage|p2a: Dragapult|88/100|[from] Stealth Rock
|turn|18
|
|t:|1686010981
|-end|p1a: Iron Valiant|Quark Drive|[silent]
|switch|p1a: Tinkaton|Tinkaton, F|61/100
|-ability|p1a: Tinkaton|Mold Breaker
|move|p2a: Dragapult|Shadow Ball|p1a: Tinkaton
|-damage|p1a: Tinkaton|24/100
|
|upkeep
|turn|19
|
|t:|1686010990
|move|p2a: Dragapult|Shadow Ball|p1a: Tinkaton
|-damage|p1a: Tinkaton|0 fnt
|faint|p1a: Tinkaton
|
|upkeep
|
|t:|1686010998
|switch|p1a: Gallade|Gallade, M|100/100
|turn|20
|
|t:|1686011013
|switch|p2a: Slowking|Slowking-Galar, F|92/100
|-damage|p2a: Slowking|80/100|[from] Stealth Rock
|move|p1a: Gallade|Psycho Cut|p2a: Slowking
|-damage|p2a: Slowking|24/100
|
|-heal|p2a: Slowking|30/100|[from] item: Leftovers
|upkeep
|turn|21
|
|t:|1686011020
|move|p1a: Gallade|Psycho Cut|p2a: Slowking
|-damage|p2a: Slowking|0 fnt
|faint|p2a: Slowking
|
|upkeep
|
|t:|1686011023
|switch|p2a: Garganacl|Garganacl, M|92/100
|-damage|p2a: Garganacl|79/100|[from] Stealth Rock
|turn|22
|
|t:|1686011031
|switch|p1a: Cinderace|Cinderace, M|100/100
|move|p2a: Garganacl|Salt Cure|p1a: Cinderace
|-supereffective|p1a: Cinderace
|-damage|p1a: Cinderace|62/100
|-start|p1a: Cinderace|Salt Cure
|
|-heal|p2a: Garganacl|86/100|[from] item: Leftovers
|-damage|p1a: Cinderace|50/100|[from] Salt Cure
|upkeep
|turn|23
|
|t:|1686011039
|move|p1a: Cinderace|Pyro Ball|p2a: Garganacl
|-resisted|p2a: Garganacl
|-damage|p2a: Garganacl|68/100
|move|p2a: Garganacl|Recover|p2a: Garganacl
|-heal|p2a: Garganacl|100/100
|
|-damage|p1a: Cinderace|37/100|[from] Salt Cure
|upkeep
|turn|24
|
|t:|1686011044
|move|p1a: Cinderace|Pyro Ball|p2a: Garganacl
|-resisted|p2a: Garganacl
|-damage|p2a: Garganacl|81/100
|move|p2a: Garganacl|Earthquake|p1a: Cinderace
|-supereffective|p1a: Cinderace
|-damage|p1a: Cinderace|0 fnt
|faint|p1a: Cinderace
|
|-heal|p2a: Garganacl|87/100|[from] item: Leftovers
|upkeep
|
|t:|1686011048
|switch|p1a: Iron Valiant|Iron Valiant, tera:Fairy|27/100
|turn|25
|
|t:|1686011052
|switch|p2a: Urshifu|Urshifu-Rapid-Strike, M|96/100
|-damage|p2a: Urshifu|90/100|[from] Stealth Rock
|move|p1a: Iron Valiant|Moonblast|p2a: Urshifu
|-supereffective|p2a: Urshifu
|-damage|p2a: Urshifu|0 fnt
|faint|p2a: Urshifu
|
|upkeep
|
|t:|1686011054
|switch|p2a: Dragapult|Dragapult, M, tera:Ghost|88/100
|-damage|p2a: Dragapult|76/100|[from] Stealth Rock
|turn|26
|
|t:|1686011057
|move|p2a: Dragapult|Shadow Ball|p1a: Iron Valiant
|-damage|p1a: Iron Valiant|0 fnt
|faint|p1a: Iron Valiant
|-end|p1a: Iron Valiant|Quark Drive|[silent]
|
|upkeep
|
|t:|1686011060
|switch|p1a: Gallade|Gallade, M|100/100
|turn|27
|
|t:|1686011063
|move|p1a: Gallade|Psycho Cut|p2a: Dragapult
|-damage|p2a: Dragapult|0 fnt
|faint|p2a: Dragapult
|
|upkeep
|
|t:|1686011065
|switch|p2a: Garganacl|Garganacl, M|87/100
|-damage|p2a: Garganacl|75/100|[from] Stealth Rock
|turn|28
|
|t:|1686011069
|move|p1a: Gallade|Psycho Cut|p2a: Garganacl
|-damage|p2a: Garganacl|37/100
|move|p2a: Garganacl|Salt Cure|p1a: Gallade
|-resisted|p1a: Gallade
|-damage|p1a: Gallade|89/100
|-start|p1a: Gallade|Salt Cure
|
|-heal|p2a: Garganacl|43/100|[from] item: Leftovers
|-damage|p1a: Gallade|77/100|[from] Salt Cure
|upkeep
|turn|29
|
|t:|1686011075
|move|p1a: Gallade|Psycho Cut|p2a: Garganacl
|-damage|p2a: Garganacl|8/100
|move|p2a: Garganacl|Recover|p2a: Garganacl
|-heal|p2a: Garganacl|58/100
|
|-heal|p2a: Garganacl|65/100|[from] item: Leftovers
|-damage|p1a: Gallade|64/100|[from] Salt Cure
|upkeep
|turn|30
|
|t:|1686011078
|move|p1a: Gallade|Psycho Cut|p2a: Garganacl
|-damage|p2a: Garganacl|26/100
|move|p2a: Garganacl|Recover|p2a: Garganacl
|-heal|p2a: Garganacl|76/100
|
|-heal|p2a: Garganacl|83/100|[from] item: Leftovers
|-damage|p1a: Gallade|52/100|[from] Salt Cure
|upkeep
|turn|31
|
|t:|1686011082
|move|p1a: Gallade|Psycho Cut|p2a: Garganacl
|-damage|p2a: Garganacl|45/100
|move|p2a: Garganacl|Recover|p2a: Garganacl
|-heal|p2a: Garganacl|95/100
|
|-heal|p2a: Garganacl|100/100|[from] item: Leftovers
|-damage|p1a: Gallade|40/100|[from] Salt Cure
|upkeep
|turn|32
|
|t:|1686011085
|move|p1a: Gallade|Psycho Cut|p2a: Garganacl
|-crit|p2a: Garganacl
|-damage|p2a: Garganacl|49/100
|move|p2a: Garganacl|Recover|p2a: Garganacl
|-heal|p2a: Garganacl|99/100
|
|-heal|p2a: Garganacl|100/100|[from] item: Leftovers
|-damage|p1a: Gallade|28/100|[from] Salt Cure
|upkeep
|turn|33
|
|t:|1686011092
|move|p1a: Gallade|Psycho Cut|p2a: Garganacl
|-crit|p2a: Garganacl
|-damage|p2a: Garganacl|44/100
|move|p2a: Garganacl|Earthquake|p1a: Gallade
|-damage|p1a: Gallade|0 fnt
|faint|p1a: Gallade
|
|win|Moilepokemon2
|raw|The Gallade Man's rating: 1513 → 1488(-25 for losing)
|raw|Moilepokemon2's rating: 1422 → 1447(+25 for winning)
|l|☆Moilepokemon2
