|j|☆NoPlzSenior
|j|☆Holdmadik
|t:|1685997208
|gametype|singles
|player|p1|NoPlzSenior|cyclist-gen4|
|player|p2|Holdmadik|blue|
|teamsize|p1|6
|teamsize|p2|6
|gen|9
|tier|[Gen 9] OU
|rule|Sleep Clause Mod: Limit one foe put to sleep
|rule|Species Clause: Limit one of each Pokémon
|rule|OHKO Clause: OHKO moves are banned
|rule|Evasion Items Clause: Evasion items are banned
|rule|Evasion Moves Clause: Evasion moves are banned
|rule|Endless Battle Clause: Forcing endless battles is banned
|rule|HP Percentage Mod: HP is shown in percentages
|clearpoke
|poke|p1|Pelipper, F|
|poke|p1|Zapdos-Galar|
|poke|p1|Corviknight, F|
|poke|p1|Salamence, M|
|poke|p1|Tropius, F|
|poke|p1|Braviary-Hisui, M|
|poke|p2|Cresselia, F|
|poke|p2|Ursaluna, M|
|poke|p2|Slowbro-Galar, F|
|poke|p2|Hatterene, F|
|poke|p2|Hoopa-Unbound|
|poke|p2|Uxie|
|teampreview
|
|t:|1685997229
|start
|switch|p1a: Braviary|Braviary-Hisui, M|100/100
|switch|p2a: Uxie|Uxie|100/100
|turn|1
|
|t:|1685997248
|move|p1a: Braviary|Esper Wing|p2a: Uxie
|-resisted|p2a: Uxie
|-damage|p2a: Uxie|67/100
|-boost|p1a: Braviary|spe|1
|move|p2a: Uxie|Trick Room|p2a: Uxie
|-fieldstart|move: Trick Room|[of] p2a: Uxie
|
|upkeep
|turn|2
|
|t:|1685997261
|switch|p1a: Pelipper|Pelipper, F|100/100
|-weather|RainDance|[from] ability: Drizzle|[of] p1a: Pelipper
|move|p2a: Uxie|U-turn|p1a: Pelipper
|-resisted|p1a: Pelipper
|-damage|p1a: Pelipper|96/100
|
|t:|1685997282
|switch|p2a: Cresselia|Cresselia, F|100/100|[from] U-turn
|
|-weather|RainDance|[upkeep]
|upkeep
|turn|3
|
|t:|1685997293
|move|p1a: Pelipper|U-turn|p2a: Cresselia
|-supereffective|p2a: Cresselia
|-damage|p2a: Cresselia|91/100
|
|t:|1685997298
|switch|p1a: Tropius|Tropius, F|100/100|[from] U-turn
|move|p2a: Cresselia|Future Sight|p1a: Tropius
|-start|p2a: Cresselia|move: Future Sight
|
|-weather|RainDance|[upkeep]
|upkeep
|turn|4
|
|t:|1685997306
|move|p1a: Tropius|Leech Seed|p2a: Cresselia
|-start|p2a: Cresselia|move: Leech Seed
|move|p2a: Cresselia|Ice Beam|p1a: Tropius
|-supereffective|p1a: Tropius
|-crit|p1a: Tropius
|-damage|p1a: Tropius|0 fnt
|faint|p1a: Tropius
|
|-weather|RainDance|[upkeep]
|upkeep
|
|t:|1685997327
|switch|p1a: Braviary|Braviary-Hisui, M|100/100
|turn|5
|
|t:|1685997340
|switch|p2a: Uxie|Uxie|67/100
|move|p1a: Braviary|Hurricane|p2a: Uxie
|-damage|p2a: Uxie|23/100
|
|-weather|RainDance|[upkeep]
|-end|p1a: Braviary|move: Future Sight
|-resisted|p1a: Braviary
|-damage|p1a: Braviary|78/100
|-fieldend|move: Trick Room
|upkeep
|turn|6
|
|t:|1685997352
|move|p1a: Braviary|Hurricane|p2a: Uxie
|-damage|p2a: Uxie|0 fnt
|faint|p2a: Uxie
|
|-weather|RainDance|[upkeep]
|upkeep
|
|t:|1685997358
|switch|p2a: Hatterene|Hatterene, F|100/100
|turn|7
|
|t:|1685997365
|switch|p1a: Corviknight|Corviknight, F|100/100
|-ability|p1a: Corviknight|Pressure
|move|p2a: Hatterene|Light Screen|p2a: Hatterene
|-sidestart|p2: Holdmadik|move: Light Screen
|
|-weather|RainDance|[upkeep]
|upkeep
|turn|8
|
|t:|1685997373
|move|p1a: Corviknight|Iron Defense|p1a: Corviknight
|-boost|p1a: Corviknight|def|2
|move|p2a: Hatterene|Reflect|p2a: Hatterene
|-sidestart|p2: Holdmadik|Reflect
|
|-weather|RainDance|[upkeep]
|upkeep
|turn|9
|
|t:|1685997378
|move|p1a: Corviknight|Iron Defense|p1a: Corviknight
|-boost|p1a: Corviknight|def|2
|move|p2a: Hatterene|Trick Room|p2a: Hatterene
|-fieldstart|move: Trick Room|[of] p2a: Hatterene
|
|-weather|none
|upkeep
|turn|10
|
|t:|1685997384
|switch|p2a: Slowbro|Slowbro-Galar, F|100/100
|move|p1a: Corviknight|Iron Defense|p1a: Corviknight
|-boost|p1a: Corviknight|def|2
|
|upkeep
|turn|11
|
|t:|1685997391
|move|p2a: Slowbro|Fire Blast|p1a: Corviknight
|-supereffective|p1a: Corviknight
|-damage|p1a: Corviknight|55/100
|move|p1a: Corviknight|Body Press|p2a: Slowbro
|-resisted|p2a: Slowbro
|-damage|p2a: Slowbro|91/100
|
|-heal|p1a: Corviknight|61/100|[from] item: Leftovers
|upkeep
|turn|12
|-activate|p2a: Slowbro|item: Quick Claw
|
|t:|1685997403
|move|p2a: Slowbro|Hydro Pump|p1a: Corviknight|[miss]
|-miss|p2a: Slowbro|p1a: Corviknight
|move|p1a: Corviknight|Roost|p1a: Corviknight
|-heal|p1a: Corviknight|100/100
|-singleturn|p1a: Corviknight|move: Roost
|
|upkeep
|turn|13
|-activate|p2a: Slowbro|item: Quick Claw
|
|t:|1685997411
|move|p2a: Slowbro|Hydro Pump|p1a: Corviknight
|-damage|p1a: Corviknight|76/100
|move|p1a: Corviknight|Roost|p1a: Corviknight
|-heal|p1a: Corviknight|100/100
|-singleturn|p1a: Corviknight|move: Roost
|
|-fieldend|move: Trick Room
|upkeep
|turn|14
|-activate|p2a: Slowbro|item: Quick Claw
|
|t:|1685997420
|move|p2a: Slowbro|Fire Blast|p1a: Corviknight|[miss]
|-miss|p2a: Slowbro|p1a: Corviknight
|move|p1a: Corviknight|Roost||[still]
|-fail|p1a: Corviknight|heal
|
|-sideend|p2: Holdmadik|move: Light Screen
|upkeep
|turn|15
|-activate|p2a: Slowbro|item: Quick Claw
|
|t:|1685997431
|move|p2a: Slowbro|Fire Blast|p1a: Corviknight|[miss]
|-miss|p2a: Slowbro|p1a: Corviknight
|move|p1a: Corviknight|Roost||[still]
|-fail|p1a: Corviknight|heal
|
|-sideend|p2: Holdmadik|Reflect
|upkeep
|turn|16
|
|t:|1685997439
|switch|p2a: Cresselia|Cresselia, F|91/100
|move|p1a: Corviknight|Body Press|p2a: Cresselia
|-resisted|p2a: Cresselia
|-damage|p2a: Cresselia|68/100
|
|upkeep
|turn|17
|
|t:|1685997449
|move|p2a: Cresselia|Future Sight|p1a: Corviknight
|-start|p2a: Cresselia|move: Future Sight
|move|p1a: Corviknight|Body Press|p2a: Cresselia
|-resisted|p2a: Cresselia
|-damage|p2a: Cresselia|47/100
|
|upkeep
|turn|18
|
|t:|1685997454
|move|p1a: Corviknight|Body Press|p2a: Cresselia
|-resisted|p2a: Cresselia
|-damage|p2a: Cresselia|25/100
|move|p2a: Cresselia|Trick Room|p2a: Cresselia
|-fieldstart|move: Trick Room|[of] p2a: Cresselia
|
|upkeep
|turn|19
|
|t:|1685997470
|switch|p2a: Slowbro|Slowbro-Galar, F|91/100
|move|p1a: Corviknight|Body Press|p2a: Slowbro
|-resisted|p2a: Slowbro
|-damage|p2a: Slowbro|73/100
|
|-end|p1a: Corviknight|move: Future Sight
|-resisted|p1a: Corviknight
|-damage|p1a: Corviknight|88/100
|-heal|p1a: Corviknight|94/100|[from] item: Leftovers
|upkeep
|turn|20
|
|t:|1685997493
|switch|p1a: Braviary|Braviary-Hisui, M|78/100
|move|p2a: Slowbro|Slack Off|p2a: Slowbro
|-heal|p2a: Slowbro|100/100
|
|upkeep
|turn|21
|
|t:|1685997501
|switch|p2a: Hoopa|Hoopa-Unbound|100/100
|move|p1a: Braviary|Esper Wing|p2a: Hoopa
|-immune|p2a: Hoopa
|
|upkeep
|turn|22
|
|t:|1685997515
|switch|p1a: Corviknight|Corviknight, F|94/100
|-ability|p1a: Corviknight|Pressure
|move|p2a: Hoopa|Knock Off|p1a: Corviknight
|-damage|p1a: Corviknight|42/100
|-enditem|p1a: Corviknight|Leftovers|[from] move: Knock Off|[of] p2a: Hoopa
|
|-fieldend|move: Trick Room
|upkeep
|turn|23
|
|t:|1685997529
|switch|p1a: Zapdos|Zapdos-Galar|100/100
|move|p2a: Hoopa|Knock Off|p1a: Zapdos
|-resisted|p1a: Zapdos
|-damage|p1a: Zapdos|66/100
|-enditem|p1a: Zapdos|Choice Band|[from] move: Knock Off|[of] p2a: Hoopa
|
|upkeep
|turn|24
|
|t:|1685997544
|switch|p2a: Cresselia|Cresselia, F|25/100
|move|p1a: Zapdos|U-turn|p2a: Cresselia
|-supereffective|p2a: Cresselia
|-damage|p2a: Cresselia|0 fnt
|faint|p2a: Cresselia
|
|t:|1685997552
|switch|p1a: Braviary|Braviary-Hisui, M|78/100|[from] U-turn
|
|upkeep
|
|t:|1685997571
|switch|p2a: Hoopa|Hoopa-Unbound|100/100
|turn|25
|
|t:|1685997576
|move|p2a: Hoopa|Zen Headbutt|p1a: Braviary
|-resisted|p1a: Braviary
|-damage|p1a: Braviary|45/100
|cant|p1a: Braviary|flinch
|
|upkeep
|turn|26
|
|t:|1685997590
|move|p2a: Hoopa|Zen Headbutt|p1a: Braviary
|-resisted|p1a: Braviary
|-damage|p1a: Braviary|14/100
|move|p1a: Braviary|U-turn|p2a: Hoopa
|-supereffective|p2a: Hoopa
|-damage|p2a: Hoopa|7/100
|
|t:|1685997598
|switch|p1a: Pelipper|Pelipper, F|96/100|[from] U-turn
|-weather|RainDance|[from] ability: Drizzle|[of] p1a: Pelipper
|
|-weather|RainDance|[upkeep]
|upkeep
|turn|27
|
|t:|1685997607
|move|p2a: Hoopa|Zen Headbutt|p1a: Pelipper
|-damage|p1a: Pelipper|57/100
|move|p1a: Pelipper|Hydro Pump|p2a: Hoopa
|-damage|p2a: Hoopa|0 fnt
|faint|p2a: Hoopa
|
|-weather|RainDance|[upkeep]
|upkeep
|
|t:|1685997618
|switch|p2a: Hatterene|Hatterene, F|100/100
|turn|28
|
|t:|1685997642
|move|p1a: Pelipper|U-turn|p2a: Hatterene
|-damage|p2a: Hatterene|92/100
|
|t:|1685997651
|switch|p1a: Braviary|Braviary-Hisui, M|14/100|[from] U-turn
|move|p2a: Hatterene|Light Screen|p2a: Hatterene
|-sidestart|p2: Holdmadik|move: Light Screen
|
|-weather|RainDance|[upkeep]
|upkeep
|turn|29
|
|t:|1685997663
|move|p1a: Braviary|Esper Wing|p2a: Hatterene
|-resisted|p2a: Hatterene
|-damage|p2a: Hatterene|68/100
|-boost|p1a: Braviary|spe|1
|move|p2a: Hatterene|Reflect|p2a: Hatterene
|-sidestart|p2: Holdmadik|Reflect
|
|-weather|RainDance|[upkeep]
|upkeep
|turn|30
|
|t:|1685997673
|move|p1a: Braviary|Esper Wing|p2a: Hatterene
|-resisted|p2a: Hatterene
|-damage|p2a: Hatterene|48/100
|-boost|p1a: Braviary|spe|1
|move|p2a: Hatterene|Trick Room|p2a: Hatterene
|-fieldstart|move: Trick Room|[of] p2a: Hatterene
|
|-weather|RainDance|[upkeep]
|upkeep
|turn|31
|
|t:|1685997686
|move|p2a: Hatterene|Healing Wish|p2a: Hatterene
|faint|p2a: Hatterene
|move|p1a: Braviary|Esper Wing|p2: Hatterene|[notarget]
|-fail|p1a: Braviary
|
|-weather|RainDance|[upkeep]
|upkeep
|
|t:|1685997697
|switch|p2a: Ursaluna|Ursaluna, M|100/100
|turn|32
|
|t:|1685997712
|-terastallize|p2a: Ursaluna|Psychic
|move|p2a: Ursaluna|Facade|p1a: Braviary
|-damage|p1a: Braviary|0 fnt
|faint|p1a: Braviary
|
|-weather|RainDance|[upkeep]
|-status|p2a: Ursaluna|brn|[from] item: Flame Orb
|upkeep
|
|t:|1685997724
|switch|p1a: Pelipper|Pelipper, F|57/100
|turn|33
|
|t:|1685997732
|move|p2a: Ursaluna|Facade|p1a: Pelipper
|-damage|p1a: Pelipper|0 fnt
|faint|p1a: Pelipper
|
|-weather|none
|-damage|p2a: Ursaluna|94/100 brn|[from] brn
|upkeep
|
|t:|1685997737
|switch|p1a: Corviknight|Corviknight, F|42/100
|-ability|p1a: Corviknight|Pressure
|turn|34
|
|t:|1685997743
|move|p2a: Ursaluna|Fire Punch|p1a: Corviknight
|-supereffective|p1a: Corviknight
|-damage|p1a: Corviknight|0 fnt
|faint|p1a: Corviknight
|
|-damage|p2a: Ursaluna|88/100 brn|[from] brn
|-fieldend|move: Trick Room
|upkeep
|
|t:|1685997751
|switch|p1a: Salamence|Salamence, M|100/100
|-ability|p1a: Salamence|Intimidate|boost
|-unboost|p2a: Ursaluna|atk|1
|turn|35
|
|t:|1685997761
|switch|p1a: Zapdos|Zapdos-Galar|66/100
|move|p2a: Ursaluna|Facade|p1a: Zapdos
|-crit|p1a: Zapdos
|-damage|p1a: Zapdos|0 fnt
|faint|p1a: Zapdos
|
|-damage|p2a: Ursaluna|82/100 brn|[from] brn
|-sideend|p2: Holdmadik|move: Light Screen
|upkeep
|
|t:|1685997764
|switch|p1a: Salamence|Salamence, M|100/100
|-ability|p1a: Salamence|Intimidate|boost
|-unboost|p2a: Ursaluna|atk|1
|turn|36
|
|t:|1685997775
|move|p1a: Salamence|Hurricane|p2a: Ursaluna
|-damage|p2a: Ursaluna|28/100 brn
|-start|p2a: Ursaluna|confusion
|-activate|p2a: Ursaluna|confusion
|move|p2a: Ursaluna|Facade|p1a: Salamence
|-damage|p1a: Salamence|37/100
|
|-damage|p2a: Ursaluna|22/100 brn|[from] brn
|-sideend|p2: Holdmadik|Reflect
|upkeep
|turn|37
|
|t:|1685997789
|move|p1a: Salamence|Hurricane|p2a: Ursaluna
|-crit|p2a: Ursaluna
|-damage|p2a: Ursaluna|0 fnt
|faint|p2a: Ursaluna
|
|upkeep
|
|t:|1685997792
|switch|p2a: Slowbro|Slowbro-Galar, F|100/100
|turn|38
|-activate|p2a: Slowbro|ability: Quick Draw
|
|t:|1685997798
|move|p2a: Slowbro|Shell Side Arm|p1a: Salamence|[anim] Shell Side Arm Special
|-damage|p1a: Salamence|0 fnt
|-hint|Special Shell Side Arm
|faint|p1a: Salamence
|
|win|Holdmadik
|l|☆NoPlzSenior
