|j|☆Blaborao777
|j|☆Yakult2Litro
|t:|1686012246
|gametype|singles
|player|p1|Blaborao777|petrel|
|player|p2|Yakult2Litro|fantina|
|teamsize|p1|6
|teamsize|p2|6
|gen|9
|tier|[Gen 9] OU
|rule|Sleep Clause Mod: Limit one foe put to sleep
|rule|Species Clause: Limit one of each Pokémon
|rule|OHKO Clause: OHKO moves are banned
|rule|Evasion Items Clause: Evasion items are banned
|rule|Evasion Moves Clause: Evasion moves are banned
|rule|Endless Battle Clause: Forcing endless battles is banned
|rule|HP Percentage Mod: HP is shown in percentages
|clearpoke
|poke|p1|Pawmot, F|
|poke|p1|Great Tusk|
|poke|p1|Lokix, M|
|poke|p1|Gholdengo|
|poke|p1|Basculegion, M|
|poke|p1|Ursaluna, F|
|poke|p2|Hatterene, F|
|poke|p2|Uxie|
|poke|p2|Ursaluna, F|
|poke|p2|Torkoal, F|
|poke|p2|Braviary-Hisui, M|
|poke|p2|Farigiraf, M|
|teampreview
|
|t:|1686012268
|start
|switch|p1a: Eminem|Gholdengo|100/100
|switch|p2a: Magician|Hatterene, F, shiny|100/100
|turn|1
|
|t:|1686012322
|move|p1a: Eminem|Shadow Ball|p2a: Magician
|-supereffective|p2a: Magician
|-enditem|p2a: Magician|Focus Sash
|-damage|p2a: Magician|1/100
|move|p2a: Magician|Trick Room|p2a: Magician
|-fieldstart|move: Trick Room|[of] p2a: Magician
|
|upkeep
|turn|2
|c|☆Yakult2Litro|desculpa cadeira
|
|t:|1686012367
|switch|p2a: Death|Ursaluna, F, shiny|100/100
|move|p1a: Eminem|Shadow Ball|p2a: Death
|-immune|p2a: Death
|
|-status|p2a: Death|brn|[from] item: Flame Orb
|upkeep
|turn|3
|j| DoSitio
|
|t:|1686012381
|switch|p1a: Freedy Slowbear|Ursaluna, F|100/100
|move|p2a: Death|Headlong Rush|p1a: Freedy Slowbear
|-damage|p1a: Freedy Slowbear|21/100
|-unboost|p2a: Death|def|1
|-unboost|p2a: Death|spd|1
|
|-damage|p2a: Death|94/100 brn|[from] brn
|-status|p1a: Freedy Slowbear|brn|[from] item: Flame Orb
|upkeep
|turn|4
|
|t:|1686012391
|move|p2a: Death|Facade|p1a: Freedy Slowbear
|-damage|p1a: Freedy Slowbear|0 fnt
|faint|p1a: Freedy Slowbear
|
|-damage|p2a: Death|88/100 brn|[from] brn
|upkeep
|c| DoSitio|o mano usa farigiraf em OU
|
|t:|1686012402
|switch|p1a: Balboa|Pawmot, F|100/100
|turn|5
|
|t:|1686012406
|move|p1a: Balboa|Mach Punch|p2a: Death
|-supereffective|p2a: Death
|-damage|p2a: Death|40/100 brn
|move|p2a: Death|Headlong Rush|p1a: Balboa
|-supereffective|p1a: Balboa
|-enditem|p1a: Balboa|Focus Sash
|-damage|p1a: Balboa|1/100
|-unboost|p2a: Death|def|1
|-unboost|p2a: Death|spd|1
|
|-damage|p2a: Death|33/100 brn|[from] brn
|-fieldend|move: Trick Room
|upkeep
|turn|6
|l| DoSitio
|j| DoSitio
|
|t:|1686012419
|switch|p2a: Temperance|Farigiraf, M|100/100
|move|p1a: Balboa|Mach Punch||[still]
|cant|p2a: Temperance|ability: Armor Tail|Mach Punch|[of] p1a: Balboa
|
|upkeep
|turn|7
|
|t:|1686012426
|move|p1a: Balboa|Nuzzle|p2a: Temperance
|-damage|p2a: Temperance|90/100
|-status|p2a: Temperance|par
|move|p2a: Temperance|Hyper Voice|p1a: Balboa
|-damage|p1a: Balboa|0 fnt
|faint|p1a: Balboa
|
|upkeep
|
|t:|1686012436
|switch|p1a: Motoqueiro Kamen|Lokix, M|100/100
|turn|8
|
|t:|1686012454
|move|p1a: Motoqueiro Kamen|Throat Chop|p2a: Temperance
|-supereffective|p2a: Temperance
|-damage|p2a: Temperance|14/100 par
|-start|p2a: Temperance|Throat Chop|[silent]
|-enditem|p2a: Temperance|Sitrus Berry|[eat]
|-heal|p2a: Temperance|39/100 par|[from] item: Sitrus Berry
|cant|p2a: Temperance|move: Throat Chop
|
|upkeep
|turn|9
|c| DoSitio|gênio
|
|t:|1686012469
|move|p1a: Motoqueiro Kamen|Throat Chop|p2a: Temperance
|-supereffective|p2a: Temperance
|-damage|p2a: Temperance|0 fnt
|faint|p2a: Temperance
|
|upkeep
|c|☆Yakult2Litro|EU ESQUECI
|c|☆Yakult2Litro|ai ai ai ai
|c|☆Yakult2Litro|gente eu juro q eu n sou ruim normalmente
|
|t:|1686012483
|switch|p2a: Hermit|Uxie|100/100
|turn|10
|c|☆Blaborao777|HAAHAHAAHAHAHAHAAHAHA
|
|t:|1686012491
|move|p1a: Motoqueiro Kamen|Throat Chop|p2a: Hermit
|-supereffective|p2a: Hermit
|-enditem|p2a: Hermit|Colbur Berry|[eat]
|-enditem|p2a: Hermit|Colbur Berry|[weaken]
|-damage|p2a: Hermit|75/100
|-start|p2a: Hermit|Throat Chop|[silent]
|move|p2a: Hermit|Trick Room|p2a: Hermit
|-fieldstart|move: Trick Room|[of] p2a: Hermit
|
|upkeep
|turn|11
|
|t:|1686012500
|switch|p2a: Sun|Torkoal, F, shiny|100/100
|-weather|SunnyDay|[from] ability: Drought|[of] p2a: Sun
|move|p1a: Motoqueiro Kamen|Swords Dance|p1a: Motoqueiro Kamen
|-boost|p1a: Motoqueiro Kamen|atk|2
|
|-weather|SunnyDay|[upkeep]
|upkeep
|turn|12
|
|t:|1686012512
|switch|p1a: RIPlegion|Basculegion, M|100/100
|-terastallize|p2a: Sun|Fire
|move|p2a: Sun|Flamethrower|p1a: RIPlegion
|-resisted|p1a: RIPlegion
|-damage|p1a: RIPlegion|30/100
|
|-weather|SunnyDay|[upkeep]
|upkeep
|turn|13
|c| DoSitio|casualmente 70 de dano
|
|t:|1686012535
|move|p1a: RIPlegion|Aqua Jet|p2a: Sun
|-supereffective|p2a: Sun
|-damage|p2a: Sun|82/100
|move|p2a: Sun|Flamethrower|p1a: RIPlegion
|-resisted|p1a: RIPlegion
|-crit|p1a: RIPlegion
|-damage|p1a: RIPlegion|0 fnt
|faint|p1a: RIPlegion
|
|-weather|SunnyDay|[upkeep]
|upkeep
|
|t:|1686012550
|switch|p1a: Motoqueiro Kamen|Lokix, M|100/100
|turn|14
|
|t:|1686012556
|move|p1a: Motoqueiro Kamen|First Impression|p2a: Sun
|-resisted|p2a: Sun
|-damage|p2a: Sun|53/100
|move|p2a: Sun|Flamethrower|p1a: Motoqueiro Kamen
|-supereffective|p1a: Motoqueiro Kamen
|-damage|p1a: Motoqueiro Kamen|0 fnt
|faint|p1a: Motoqueiro Kamen
|
|-weather|SunnyDay|[upkeep]
|-fieldend|move: Trick Room
|upkeep
|
|t:|1686012566
|switch|p1a: Ganon|Great Tusk, shiny|100/100
|-activate|p1a: Ganon|ability: Protosynthesis
|-start|p1a: Ganon|protosynthesisatk
|turn|15
|
|t:|1686012581
|move|p1a: Ganon|Headlong Rush|p2a: Sun
|-supereffective|p2a: Sun
|-damage|p2a: Sun|0 fnt
|-unboost|p1a: Ganon|def|1
|-unboost|p1a: Ganon|spd|1
|faint|p2a: Sun
|
|-weather|none
|-end|p1a: Ganon|Protosynthesis
|upkeep
|-enditem|p1a: Ganon|Booster Energy
|-activate|p1a: Ganon|ability: Protosynthesis|[fromitem]
|-start|p1a: Ganon|protosynthesisatk
|c| DoSitio|esse batalha é só teste pra alguma coisa? quero lutar também
|c|☆Yakult2Litro|aquecimento
|
|t:|1686012595
|switch|p2a: Hermit|Uxie|75/100
|turn|16
|c|☆Blaborao777|🤖🤖🤖🤖
|
|t:|1686012606
|move|p1a: Ganon|Iron Head|p2a: Hermit
|-damage|p2a: Hermit|43/100
|cant|p2a: Hermit|flinch
|
|upkeep
|turn|17
|
|t:|1686012612
|move|p1a: Ganon|Iron Head|p2a: Hermit
|-damage|p2a: Hermit|13/100
|cant|p2a: Hermit|flinch
|
|upkeep
|turn|18
|c|☆Yakult2Litro|FLINCH É COISA DE SAFADO
|c| DoSitio|e vai confiar no flinch
|c|☆Yakult2Litro|MEU DEUS DO CEU
|c|☆Yakult2Litro|AAAAAAAAAAAAAAAAAAA
|c| DoSitio|safadeza do cranco
|
|t:|1686012627
|switch|p2a: Magician|Hatterene, F, shiny|1/100
|move|p1a: Ganon|Ice Spinner|p2a: Magician
|-damage|p2a: Magician|0 fnt
|faint|p2a: Magician
|
|upkeep
|
|t:|1686012631
|switch|p2a: Hermit|Uxie|13/100
|turn|19
|c| DoSitio|isso é maldade
|c| DoSitio|eu tava torcendo pra manolo até meter essa
|c|☆Yakult2Litro|its joever
|
|t:|1686012642
|move|p1a: Ganon|Ice Spinner|p2a: Hermit
|-damage|p2a: Hermit|0 fnt
|faint|p2a: Hermit
|
|upkeep
|
|t:|1686012648
|switch|p2a: Hanged Man|Braviary-Hisui, M, shiny|100/100
|turn|20
|
|t:|1686012657
|-terastallize|p1a: Ganon|Ground
|move|p1a: Ganon|Ice Spinner|p2a: Hanged Man
|-supereffective|p2a: Hanged Man
|-damage|p2a: Hanged Man|9/100
|move|p2a: Hanged Man|Psychic|p1a: Ganon
|-damage|p1a: Ganon|0 fnt
|faint|p1a: Ganon
|-end|p1a: Ganon|Protosynthesis|[silent]
|
|upkeep
|c| DoSitio|Torço 100% pro trick room user
|c|☆Yakult2Litro|EXISTE UM MUNDO
|
|t:|1686012673
|switch|p1a: Eminem|Gholdengo|100/100
|turn|21
|c|☆Yakult2Litro|doSitio qual teu nick do disc
|
|t:|1686012683
|move|p1a: Eminem|Dazzling Gleam|p2a: Hanged Man
|-damage|p2a: Hanged Man|0 fnt
|faint|p2a: Hanged Man
|
|upkeep
|c| DoSitio|Sqweeks
|
|t:|1686012685
|switch|p2a: Death|Ursaluna, F, shiny|33/100 brn
|turn|22
|c| DoSitio|é o carinha com foto de ShyGuy
|
|t:|1686012694
|move|p1a: Eminem|Dazzling Gleam|p2a: Death
|-damage|p2a: Death|0 fnt
|faint|p2a: Death
|
|win|Blaborao777
|c|☆Blaborao777|jogou bem Ruhtra
|l|☆Yakult2Litro
|c|☆Blaborao777|porem eu spammei mais
|l| DoSitio
|c|☆Blaborao777|💀
|l|☆Blaborao777
|j| A Borygon
|l| A Borygon
|j|☆Blaborao777
|player|p1|Blaborao777|petrel
