|j|☆BBUTTER
|j|☆mathismathin
|t:|1684965552
|gametype|singles
|player|p1|BBUTTER|blue|1955
|player|p2|mathismathin|101|1987
|teamsize|p1|6
|teamsize|p2|6
|gen|9
|tier|[Gen 9] OU
|rated|
|rule|Sleep Clause Mod: Limit one foe put to sleep
|rule|Species Clause: Limit one of each Pokémon
|rule|OHKO Clause: OHKO moves are banned
|rule|Evasion Items Clause: Evasion items are banned
|rule|Evasion Moves Clause: Evasion moves are banned
|rule|Endless Battle Clause: Forcing endless battles is banned
|rule|HP Percentage Mod: HP is shown in percentages
|clearpoke
|poke|p1|Ting-Lu|
|poke|p1|Kingambit, M|
|poke|p1|Dragonite, M|
|poke|p1|Great Tusk|
|poke|p1|Gholdengo|
|poke|p1|Iron Moth|
|poke|p2|Iron Hands|
|poke|p2|Kingambit, F|
|poke|p2|Amoonguss, F|
|poke|p2|Garchomp, F|
|poke|p2|Corviknight, F|
|poke|p2|Cinderace, F|
|teampreview
|
|t:|1684965564
|start
|switch|p1a: Great Tusk|Great Tusk|100/100
|switch|p2a: Cinderace|Cinderace, F|100/100
|turn|1
|j| The last book
|
|t:|1684965584
|switch|p2a: Corviknight|Corviknight, F|100/100
|-ability|p2a: Corviknight|Pressure
|move|p1a: Great Tusk|Knock Off|p2a: Corviknight
|-damage|p2a: Corviknight|73/100
|-enditem|p2a: Corviknight|Leftovers|[from] move: Knock Off|[of] p1a: Great Tusk
|
|upkeep
|turn|2
|
|t:|1684965626
|-end|p1a: Great Tusk|Protosynthesis|[silent]
|switch|p1a: Gholdengo|Gholdengo|100/100
|move|p2a: Corviknight|Brave Bird|p1a: Gholdengo
|-resisted|p1a: Gholdengo
|-damage|p1a: Gholdengo|80/100
|-damage|p2a: Corviknight|68/100|[from] Recoil
|
|upkeep
|turn|3
|
|t:|1684965632
|move|p1a: Gholdengo|Shadow Ball|p2a: Corviknight
|-damage|p2a: Corviknight|18/100
|move|p2a: Corviknight|Roost|p2a: Corviknight
|-heal|p2a: Corviknight|68/100
|-singleturn|p2a: Corviknight|move: Roost
|
|upkeep
|turn|4
|
|t:|1684965650
|switch|p2a: Kingambit|Kingambit, F|100/100
|move|p1a: Gholdengo|Shadow Ball|p2a: Kingambit
|-resisted|p2a: Kingambit
|-damage|p2a: Kingambit|61/100
|
|-heal|p2a: Kingambit|67/100|[from] item: Leftovers
|upkeep
|turn|5
|
|t:|1684965669
|switch|p1a: Great Tusk|Great Tusk|100/100
|move|p2a: Kingambit|Kowtow Cleave|p1a: Great Tusk
|-resisted|p1a: Great Tusk
|-damage|p1a: Great Tusk|85/100
|
|-heal|p2a: Kingambit|73/100|[from] item: Leftovers
|upkeep
|turn|6
|l| The last book
|
|t:|1684965674
|-end|p2a: Kingambit|fallenundefined|[silent]
|switch|p2a: Garchomp|Garchomp, F|100/100
|move|p1a: Great Tusk|Knock Off|p2a: Garchomp
|-damage|p2a: Garchomp|74/100
|-damage|p1a: Great Tusk|72/100|[from] ability: Rough Skin|[of] p2a: Garchomp
|-damage|p1a: Great Tusk|55/100|[from] item: Rocky Helmet|[of] p2a: Garchomp
|-enditem|p2a: Garchomp|Rocky Helmet|[from] move: Knock Off|[of] p1a: Great Tusk
|
|upkeep
|turn|7
|
|t:|1684965678
|move|p2a: Garchomp|Stealth Rock|p1a: Great Tusk
|-sidestart|p1: BBUTTER|move: Stealth Rock
|move|p1a: Great Tusk|Earthquake|p2a: Garchomp
|-damage|p2a: Garchomp|28/100
|
|upkeep
|turn|8
|
|t:|1684965685
|move|p2a: Garchomp|Earthquake|p1a: Great Tusk
|-damage|p1a: Great Tusk|29/100
|move|p1a: Great Tusk|Earthquake|p2a: Garchomp
|-damage|p2a: Garchomp|0 fnt
|faint|p2a: Garchomp
|
|upkeep
|
|t:|1684965694
|switch|p2a: Cinderace|Cinderace, F|100/100
|turn|9
|
|t:|1684965698
|move|p2a: Cinderace|Pyro Ball|p1a: Great Tusk
|-damage|p1a: Great Tusk|0 fnt
|faint|p1a: Great Tusk
|-end|p1a: Great Tusk|Protosynthesis|[silent]
|
|upkeep
|
|t:|1684965702
|switch|p1a: Ting-Lu|Ting-Lu|100/100
|-damage|p1a: Ting-Lu|94/100|[from] Stealth Rock
|-ability|p1a: Ting-Lu|Vessel of Ruin
|turn|10
|
|t:|1684965705
|move|p2a: Cinderace|Will-O-Wisp|p1a: Ting-Lu
|-status|p1a: Ting-Lu|brn
|move|p1a: Ting-Lu|Stealth Rock|p2a: Cinderace
|-sidestart|p2: mathismathin|move: Stealth Rock
|
|-heal|p1a: Ting-Lu|100/100 brn|[from] item: Leftovers
|-damage|p1a: Ting-Lu|94/100 brn|[from] brn
|upkeep
|turn|11
|
|t:|1684965711
|move|p2a: Cinderace|U-turn|p1a: Ting-Lu
|-supereffective|p1a: Ting-Lu
|-damage|p1a: Ting-Lu|76/100 brn
|
|t:|1684965713
|switch|p2a: Iron Hands|Iron Hands|100/100|[from] U-turn
|-damage|p2a: Iron Hands|94/100|[from] Stealth Rock
|move|p1a: Ting-Lu|Ruination|p2a: Iron Hands
|-damage|p2a: Iron Hands|47/100
|
|-heal|p2a: Iron Hands|54/100|[from] item: Leftovers
|-heal|p1a: Ting-Lu|82/100 brn|[from] item: Leftovers
|-damage|p1a: Ting-Lu|76/100 brn|[from] brn
|upkeep
|turn|12
|
|t:|1684965731
|switch|p1a: Gholdengo|Gholdengo|80/100
|-damage|p1a: Gholdengo|74/100|[from] Stealth Rock
|move|p2a: Iron Hands|Swords Dance|p2a: Iron Hands
|-boost|p2a: Iron Hands|atk|2
|
|-heal|p2a: Iron Hands|60/100|[from] item: Leftovers
|upkeep
|turn|13
|inactive|Battle timer is ON: inactive players will automatically lose when time's up. (requested by BBUTTER)
|
|t:|1684965742
|move|p1a: Gholdengo|Shadow Ball|p2a: Iron Hands
|-damage|p2a: Iron Hands|0 fnt
|faint|p2a: Iron Hands
|-end|p2a: Iron Hands|Quark Drive|[silent]
|
|upkeep
|
|t:|1684965753
|switch|p2a: Cinderace|Cinderace, F|100/100
|turn|14
|
|t:|1684965756
|switch|p1a: Ting-Lu|Ting-Lu|76/100 brn
|-damage|p1a: Ting-Lu|70/100 brn|[from] Stealth Rock
|-ability|p1a: Ting-Lu|Vessel of Ruin
|move|p2a: Cinderace|Pyro Ball|p1a: Ting-Lu
|-damage|p1a: Ting-Lu|46/100 brn
|
|-heal|p1a: Ting-Lu|52/100 brn|[from] item: Leftovers
|-damage|p1a: Ting-Lu|46/100 brn|[from] brn
|upkeep
|turn|15
|
|t:|1684965760
|move|p2a: Cinderace|U-turn|p1a: Ting-Lu
|-supereffective|p1a: Ting-Lu
|-damage|p1a: Ting-Lu|29/100 brn
|
|t:|1684965762
|switch|p2a: Amoonguss|Amoonguss, F|100/100|[from] U-turn
|-damage|p2a: Amoonguss|88/100|[from] Stealth Rock
|move|p1a: Ting-Lu|Ruination|p2a: Amoonguss
|-damage|p2a: Amoonguss|44/100
|-enditem|p2a: Amoonguss|Red Card|[of] p1a: Ting-Lu
|drag|p1a: Iron Moth|Iron Moth|100/100
|-damage|p1a: Iron Moth|76/100|[from] Stealth Rock
|
|upkeep
|turn|16
|
|t:|1684965773
|switch|p2a: Corviknight|Corviknight, F|68/100
|-damage|p2a: Corviknight|56/100|[from] Stealth Rock
|-ability|p2a: Corviknight|Pressure
|move|p1a: Iron Moth|Sludge Wave|p2a: Corviknight
|-immune|p2a: Corviknight
|
|upkeep
|turn|17
|
|t:|1684965776
|-end|p1a: Iron Moth|Quark Drive|[silent]
|switch|p1a: Gholdengo|Gholdengo|74/100
|-damage|p1a: Gholdengo|68/100|[from] Stealth Rock
|move|p2a: Corviknight|U-turn|p1a: Gholdengo
|-resisted|p1a: Gholdengo
|-damage|p1a: Gholdengo|64/100
|
|t:|1684965778
|switch|p2a: Cinderace|Cinderace, F|100/100|[from] U-turn
|
|upkeep
|turn|18
|
|t:|1684965780
|switch|p1a: Ting-Lu|Ting-Lu|29/100 brn
|-damage|p1a: Ting-Lu|22/100 brn|[from] Stealth Rock
|-ability|p1a: Ting-Lu|Vessel of Ruin
|move|p2a: Cinderace|Pyro Ball|p1a: Ting-Lu
|-damage|p1a: Ting-Lu|0 fnt
|faint|p1a: Ting-Lu
|
|upkeep
|j| darkrows
|
|t:|1684965785
|switch|p1a: Iron Moth|Iron Moth|76/100
|-damage|p1a: Iron Moth|51/100|[from] Stealth Rock
|turn|19
|
|t:|1684965789
|move|p1a: Iron Moth|Sludge Wave|p2a: Cinderace
|-damage|p2a: Cinderace|31/100
|move|p2a: Cinderace|U-turn|p1a: Iron Moth
|-resisted|p1a: Iron Moth
|-damage|p1a: Iron Moth|42/100
|
|t:|1684965793
|switch|p2a: Kingambit|Kingambit, F|73/100|[from] U-turn
|-damage|p2a: Kingambit|67/100|[from] Stealth Rock
|-activate|p2a: Kingambit|ability: Supreme Overlord
|-start|p2a: Kingambit|fallen2|[silent]
|
|-heal|p2a: Kingambit|73/100|[from] item: Leftovers
|upkeep
|turn|20
|j| Dethroner*
|inactive|BBUTTER has 120 seconds left.
|j| Shedtailhater
|
|t:|1684965830
|-end|p1a: Iron Moth|Quark Drive|[silent]
|switch|p1a: Gholdengo|Gholdengo|64/100
|-damage|p1a: Gholdengo|58/100|[from] Stealth Rock
|move|p2a: Kingambit|Kowtow Cleave|p1a: Gholdengo
|-supereffective|p1a: Gholdengo
|-crit|p1a: Gholdengo
|-damage|p1a: Gholdengo|0 fnt
|faint|p1a: Gholdengo
|
|-heal|p2a: Kingambit|79/100|[from] item: Leftovers
|upkeep
|
|t:|1684965834
|switch|p1a: Dragonite|Dragonite, M|100/100
|turn|21
|
|t:|1684965846
|-end|p2a: Kingambit|fallen2|[silent]
|switch|p2a: Amoonguss|Amoonguss, F|78/100
|-damage|p2a: Amoonguss|65/100|[from] Stealth Rock
|move|p1a: Dragonite|Earthquake|p2a: Amoonguss
|-damage|p2a: Amoonguss|31/100
|
|upkeep
|turn|22
|inactive|BBUTTER has 120 seconds left.
|
|t:|1684965864
|switch|p1a: Iron Moth|Iron Moth|42/100
|-damage|p1a: Iron Moth|17/100|[from] Stealth Rock
|move|p2a: Amoonguss|Spore|p1a: Iron Moth
|-status|p1a: Iron Moth|slp|[from] move: Spore
|
|upkeep
|turn|23
|
|t:|1684965871
|switch|p2a: Cinderace|Cinderace, F|31/100
|cant|p1a: Iron Moth|slp
|
|upkeep
|turn|24
|
|t:|1684965876
|switch|p2a: Kingambit|Kingambit, F|79/100
|-damage|p2a: Kingambit|73/100|[from] Stealth Rock
|-activate|p2a: Kingambit|ability: Supreme Overlord
|-start|p2a: Kingambit|fallen2|[silent]
|cant|p1a: Iron Moth|slp
|
|-heal|p2a: Kingambit|79/100|[from] item: Leftovers
|upkeep
|turn|25
|
|t:|1684965879
|move|p2a: Kingambit|Sucker Punch|p1a: Iron Moth
|-damage|p1a: Iron Moth|0 fnt
|faint|p1a: Iron Moth
|-end|p1a: Iron Moth|Quark Drive|[silent]
|
|-heal|p2a: Kingambit|85/100|[from] item: Leftovers
|upkeep
|
|t:|1684965886
|switch|p1a: Kingambit|Kingambit, M|100/100
|-damage|p1a: Kingambit|94/100|[from] Stealth Rock
|-activate|p1a: Kingambit|ability: Supreme Overlord
|-start|p1a: Kingambit|fallen4|[silent]
|turn|26
|
|t:|1684965892
|-end|p2a: Kingambit|fallen2|[silent]
|switch|p2a: Amoonguss|Amoonguss, F|64/100
|-damage|p2a: Amoonguss|52/100|[from] Stealth Rock
|move|p1a: Kingambit|Low Kick|p2a: Amoonguss
|-resisted|p2a: Amoonguss
|-damage|p2a: Amoonguss|42/100
|
|upkeep
|turn|27
|
|t:|1684965897
|move|p1a: Kingambit|Kowtow Cleave|p2a: Amoonguss
|-damage|p2a: Amoonguss|0 fnt
|faint|p2a: Amoonguss
|
|upkeep
|
|t:|1684965899
|switch|p2a: Cinderace|Cinderace, F|31/100
|turn|28
|
|t:|1684965903
|-end|p1a: Kingambit|fallen4|[silent]
|switch|p1a: Dragonite|Dragonite, M|100/100
|move|p2a: Cinderace|Pyro Ball|p1a: Dragonite
|-resisted|p1a: Dragonite
|-damage|p1a: Dragonite|83/100
|
|upkeep
|turn|29
|
|t:|1684965909
|switch|p2a: Corviknight|Corviknight, F|56/100
|-damage|p2a: Corviknight|43/100|[from] Stealth Rock
|-ability|p2a: Corviknight|Pressure
|move|p1a: Dragonite|Extreme Speed|p2a: Corviknight
|-resisted|p2a: Corviknight
|-damage|p2a: Corviknight|30/100
|
|upkeep
|turn|30
|
|t:|1684965911
|switch|p1a: Kingambit|Kingambit, M|94/100
|-damage|p1a: Kingambit|88/100|[from] Stealth Rock
|-activate|p1a: Kingambit|ability: Supreme Overlord
|-start|p1a: Kingambit|fallen4|[silent]
|move|p2a: Corviknight|U-turn|p1a: Kingambit
|-damage|p1a: Kingambit|78/100
|
|t:|1684965913
|switch|p2a: Cinderace|Cinderace, F|31/100|[from] U-turn
|
|upkeep
|turn|31
|
|t:|1684965916
|-end|p1a: Kingambit|fallen4|[silent]
|switch|p1a: Dragonite|Dragonite, M|83/100
|move|p2a: Cinderace|Will-O-Wisp|p1a: Dragonite
|-status|p1a: Dragonite|brn
|
|-damage|p1a: Dragonite|77/100 brn|[from] brn
|upkeep
|turn|32
|
|t:|1684965921
|switch|p2a: Corviknight|Corviknight, F|30/100
|-damage|p2a: Corviknight|18/100|[from] Stealth Rock
|-ability|p2a: Corviknight|Pressure
|move|p1a: Dragonite|Extreme Speed|p2a: Corviknight
|-resisted|p2a: Corviknight
|-damage|p2a: Corviknight|12/100
|
|-damage|p1a: Dragonite|71/100 brn|[from] brn
|upkeep
|turn|33
|
|t:|1684965935
|switch|p1a: Kingambit|Kingambit, M|78/100
|-damage|p1a: Kingambit|71/100|[from] Stealth Rock
|-activate|p1a: Kingambit|ability: Supreme Overlord
|-start|p1a: Kingambit|fallen4|[silent]
|move|p2a: Corviknight|Roost|p2a: Corviknight
|-heal|p2a: Corviknight|62/100
|-singleturn|p2a: Corviknight|move: Roost
|
|upkeep
|turn|34
|j| Hazerinello
|
|t:|1684965941
|-terastallize|p1a: Kingambit|Dark
|move|p2a: Corviknight|U-turn|p1a: Kingambit
|-supereffective|p1a: Kingambit
|-damage|p1a: Kingambit|52/100
|
|t:|1684965944
|switch|p2a: Kingambit|Kingambit, F|85/100|[from] U-turn
|-damage|p2a: Kingambit|79/100|[from] Stealth Rock
|-activate|p2a: Kingambit|ability: Supreme Overlord
|-start|p2a: Kingambit|fallen3|[silent]
|move|p1a: Kingambit|Kowtow Cleave|p2a: Kingambit
|-resisted|p2a: Kingambit
|-damage|p2a: Kingambit|32/100
|
|-heal|p2a: Kingambit|39/100|[from] item: Leftovers
|upkeep
|turn|35
|
|t:|1684965948
|move|p2a: Kingambit|Iron Head|p1a: Kingambit
|-damage|p1a: Kingambit|5/100
|cant|p1a: Kingambit|flinch
|
|-heal|p2a: Kingambit|45/100|[from] item: Leftovers
|upkeep
|turn|36
|-message|BBUTTER forfeited.
|
|win|mathismathin
|raw|BBUTTER's rating: 1955 → 1937(-18 for losing)
|raw|mathismathin's rating: 1987 → 2005(+18 for winning)
|l|☆BBUTTER
|c|☆mathismathin|gg
