|j|☆ElchapoBrr
|j|☆DaColorPurpl
|t:|1686004298
|gametype|singles
|player|p1|ElchapoBrr|red|1067
|player|p2|DaColorPurpl|n|1058
|teamsize|p1|6
|teamsize|p2|6
|gen|9
|tier|[Gen 9] OU
|rated|
|rule|Sleep Clause Mod: Limit one foe put to sleep
|rule|Species Clause: Limit one of each Pokémon
|rule|OHKO Clause: OHKO moves are banned
|rule|Evasion Items Clause: Evasion items are banned
|rule|Evasion Moves Clause: Evasion moves are banned
|rule|Endless Battle Clause: Forcing endless battles is banned
|rule|HP Percentage Mod: HP is shown in percentages
|clearpoke
|poke|p1|Sneasler, F|
|poke|p1|Indeedee, M|
|poke|p1|Hatterene, F|
|poke|p1|Chien-Pao|
|poke|p1|Iron Treads|
|poke|p1|Volcarona, F|
|poke|p2|Decidueye-Hisui, M|
|poke|p2|Tornadus, M|
|poke|p2|Cresselia, F|
|poke|p2|Delphox, F|
|poke|p2|Gastrodon, F|
|poke|p2|Corviknight, M|
|teampreview
|inactive|Battle timer is ON: inactive players will automatically lose when time's up. (requested by DaColorPurpl)
|
|t:|1686004311
|start
|switch|p1a: Iron Treads|Iron Treads|100/100
|switch|p2a: Delphox|Delphox, F, shiny|100/100
|turn|1
|
|t:|1686004324
|move|p1a: Iron Treads|Stealth Rock|p2a: Delphox
|-sidestart|p2: DaColorPurpl|move: Stealth Rock
|move|p2a: Delphox|Flamethrower|p1a: Iron Treads
|-supereffective|p1a: Iron Treads
|-enditem|p1a: Iron Treads|Focus Sash
|-damage|p1a: Iron Treads|1/100
|
|upkeep
|turn|2
|
|t:|1686004339
|-end|p1a: Iron Treads|Quark Drive|[silent]
|switch|p1a: Indeedee|Indeedee, M|100/100
|-fieldstart|move: Psychic Terrain|[from] ability: Psychic Surge|[of] p1a: Indeedee
|switch|p2a: Corviknight|Corviknight, M, shiny|100/100
|-damage|p2a: Corviknight|88/100|[from] Stealth Rock
|
|upkeep
|turn|3
|
|t:|1686004355
|move|p1a: Indeedee|Encore||[still]
|-fail|p1a: Indeedee
|move|p2a: Corviknight|Defog|p1a: Indeedee
|-unboost|p1a: Indeedee|evasion|1
|-sideend|p2: DaColorPurpl|Stealth Rock|[from] move: Defog|[of] p2a: Corviknight
|-fieldend|move: Psychic Terrain
|
|upkeep
|turn|4
|
|t:|1686004366
|switch|p2a: Delphox|Delphox, F, shiny|100/100
|move|p1a: Indeedee|Encore||[still]
|-fail|p1a: Indeedee
|
|upkeep
|turn|5
|
|t:|1686004374
|move|p1a: Indeedee|Encore||[still]
|-fail|p1a: Indeedee
|move|p2a: Delphox|Flamethrower|p1a: Indeedee
|-damage|p1a: Indeedee|37/100
|-item|p2a: Delphox|Terrain Extender|[from] ability: Magician|[of] p1a: Indeedee
|
|upkeep
|turn|6
|-message|ElchapoBrr forfeited.
|
|win|DaColorPurpl
|raw|ElchapoBrr's rating: 1067 → 1046(-21 for losing)
|raw|DaColorPurpl's rating: 1058 → 1090(+32 for winning)
|l|☆ElchapoBrr
