|j|☆ultrablaze25
|j|☆Billgatesismydad
|t:|1686002630
|gametype|singles
|player|p1|ultrablaze25|steven-masters2|1183
|player|p2|Billgatesismydad|1|1249
|teamsize|p1|6
|teamsize|p2|6
|gen|9
|tier|[Gen 9] OU
|rated|
|rule|Sleep Clause Mod: Limit one foe put to sleep
|rule|Species Clause: Limit one of each Pokémon
|rule|OHKO Clause: OHKO moves are banned
|rule|Evasion Items Clause: Evasion items are banned
|rule|Evasion Moves Clause: Evasion moves are banned
|rule|Endless Battle Clause: Forcing endless battles is banned
|rule|HP Percentage Mod: HP is shown in percentages
|clearpoke
|poke|p1|Enamorus, F|
|poke|p1|Grimmsnarl, M|
|poke|p1|Ceruledge, M|
|poke|p1|Kingambit, F|
|poke|p1|Corviknight, M|
|poke|p1|Garchomp, M|
|poke|p2|Typhlosion-Hisui, M|
|poke|p2|Basculegion, M|
|poke|p2|Iron Treads|
|poke|p2|Pelipper, M|
|poke|p2|Zapdos|
|poke|p2|Amoonguss, F|
|teampreview
|inactive|Battle timer is ON: inactive players will automatically lose when time's up. (requested by Billgatesismydad)
|c|☆ultrablaze25|gl hf
|
|t:|1686002648
|start
|switch|p1a: Garchomp|Garchomp, M|100/100
|switch|p2a: Typhlosion|Typhlosion-Hisui, M|100/100
|-item|p1a: Garchomp|Focus Sash|[from] ability: Frisk|[of] p2a: Typhlosion|[identify]
|turn|1
|
|t:|1686002655
|switch|p2a: Amoonguss|Amoonguss, F|100/100
|move|p1a: Garchomp|Earthquake|p2a: Amoonguss
|-damage|p2a: Amoonguss|68/100
|
|upkeep
|turn|2
|
|t:|1686002662
|move|p1a: Garchomp|Stealth Rock|p2a: Amoonguss
|-sidestart|p2: Billgatesismydad|move: Stealth Rock
|move|p2a: Amoonguss|Giga Drain|p1a: Garchomp
|-damage|p1a: Garchomp|83/100
|-heal|p2a: Amoonguss|75/100|[from] drain|[of] p1a: Garchomp
|
|upkeep
|turn|3
|
|t:|1686002667
|move|p1a: Garchomp|Spikes|p2a: Amoonguss
|-sidestart|p2: Billgatesismydad|Spikes
|move|p2a: Amoonguss|Spore|p1a: Garchomp
|-status|p1a: Garchomp|slp|[from] move: Spore
|
|upkeep
|turn|4
|
|t:|1686002676
|switch|p1a: Grimmsnarl|Grimmsnarl, M|100/100
|switch|p2a: Zapdos|Zapdos|100/100
|
|upkeep
|turn|5
|
|t:|1686002683
|move|p1a: Grimmsnarl|Taunt|p2a: Zapdos
|-start|p2a: Zapdos|move: Taunt
|move|p2a: Zapdos|Volt Switch|p1a: Grimmsnarl
|-damage|p1a: Grimmsnarl|72/100
|
|t:|1686002685
|switch|p2a: Iron Treads|Iron Treads|100/100|[from] Volt Switch
|-damage|p2a: Iron Treads|97/100|[from] Stealth Rock
|-damage|p2a: Iron Treads|85/100|[from] Spikes
|
|-heal|p2a: Iron Treads|91/100|[from] item: Leftovers
|upkeep
|turn|6
|
|t:|1686002691
|move|p1a: Grimmsnarl|Reflect|p1a: Grimmsnarl
|-sidestart|p1: ultrablaze25|Reflect
|move|p2a: Iron Treads|Rapid Spin|p1a: Grimmsnarl
|-damage|p1a: Grimmsnarl|65/100
|-boost|p2a: Iron Treads|spe|1
|-sideend|p2: Billgatesismydad|Spikes|[from] move: Rapid Spin|[of] p2a: Iron Treads
|-sideend|p2: Billgatesismydad|Stealth Rock|[from] move: Rapid Spin|[of] p2a: Iron Treads
|
|-heal|p2a: Iron Treads|97/100|[from] item: Leftovers
|upkeep
|turn|7
|
|t:|1686002698
|move|p1a: Grimmsnarl|Light Screen|p1a: Grimmsnarl
|-sidestart|p1: ultrablaze25|move: Light Screen
|move|p2a: Iron Treads|Stealth Rock|p1a: Grimmsnarl
|-sidestart|p1: ultrablaze25|move: Stealth Rock
|
|-heal|p2a: Iron Treads|100/100|[from] item: Leftovers
|upkeep
|turn|8
|
|t:|1686002710
|move|p2a: Iron Treads|Volt Switch|p1a: Grimmsnarl
|-crit|p1a: Grimmsnarl
|-damage|p1a: Grimmsnarl|51/100
|
|t:|1686002729
|-end|p2a: Iron Treads|Quark Drive|[silent]
|switch|p2a: Zapdos|Zapdos|100/100|[from] Volt Switch
|move|p1a: Grimmsnarl|Spirit Break|p2a: Zapdos
|-damage|p2a: Zapdos|63/100
|-unboost|p2a: Zapdos|spa|1
|
|upkeep
|turn|9
|
|t:|1686002737
|switch|p1a: Garchomp|Garchomp, M|83/100 slp
|-damage|p1a: Garchomp|76/100 slp|[from] Stealth Rock
|move|p2a: Zapdos|Roost|p2a: Zapdos
|-heal|p2a: Zapdos|100/100
|-singleturn|p2a: Zapdos|move: Roost
|
|upkeep
|turn|10
|
|t:|1686002746
|switch|p2a: Pelipper|Pelipper, M|100/100
|-weather|RainDance|[from] ability: Drizzle|[of] p2a: Pelipper
|cant|p1a: Garchomp|slp
|
|-weather|RainDance|[upkeep]
|upkeep
|turn|11
|
|t:|1686002751
|move|p2a: Pelipper|Surf|p1a: Garchomp
|-damage|p1a: Garchomp|58/100 slp
|cant|p1a: Garchomp|slp
|
|-weather|RainDance|[upkeep]
|upkeep
|turn|12
|
|t:|1686002756
|move|p2a: Pelipper|Hurricane|p1a: Garchomp
|-damage|p1a: Garchomp|44/100 slp
|-curestatus|p1a: Garchomp|slp|[msg]
|move|p1a: Garchomp|Dragon Tail|p2a: Pelipper|[miss]
|-miss|p1a: Garchomp|p2a: Pelipper
|
|-weather|RainDance|[upkeep]
|upkeep
|turn|13
|
|t:|1686002762
|move|p1a: Garchomp|Stealth Rock|p2a: Pelipper
|-sidestart|p2: Billgatesismydad|move: Stealth Rock
|move|p2a: Pelipper|Hurricane|p1a: Garchomp
|-damage|p1a: Garchomp|27/100
|
|-weather|RainDance|[upkeep]
|-sideend|p1: ultrablaze25|Reflect
|upkeep
|turn|14
|
|t:|1686002767
|move|p2a: Pelipper|Hurricane|p1a: Garchomp
|-damage|p1a: Garchomp|11/100
|-start|p1a: Garchomp|confusion
|-activate|p1a: Garchomp|confusion
|move|p1a: Garchomp|Dragon Tail|p2a: Pelipper
|-damage|p2a: Pelipper|82/100
|drag|p2a: Typhlosion|Typhlosion-Hisui, M|100/100
|-damage|p2a: Typhlosion|76/100|[from] Stealth Rock
|-item|p1a: Garchomp|Focus Sash|[from] ability: Frisk|[of] p2a: Typhlosion|[identify]
|
|-weather|RainDance|[upkeep]
|-sideend|p1: ultrablaze25|move: Light Screen
|upkeep
|turn|15
|
|t:|1686002774
|move|p2a: Typhlosion|Infernal Parade|p1a: Garchomp
|-damage|p1a: Garchomp|0 fnt
|faint|p1a: Garchomp
|
|-weather|RainDance|[upkeep]
|upkeep
|
|t:|1686002777
|switch|p1a: Grimmsnarl|Grimmsnarl, M|51/100
|-damage|p1a: Grimmsnarl|39/100|[from] Stealth Rock
|turn|16
|
|t:|1686002784
|switch|p2a: Basculegion|Basculegion, M|100/100
|-damage|p2a: Basculegion|88/100|[from] Stealth Rock
|move|p1a: Grimmsnarl|Light Screen|p1a: Grimmsnarl
|-sidestart|p1: ultrablaze25|move: Light Screen
|
|-weather|RainDance|[upkeep]
|upkeep
|turn|17
|
|t:|1686002811
|move|p2a: Basculegion|Aqua Jet|p1a: Grimmsnarl
|-damage|p1a: Grimmsnarl|0 fnt
|faint|p1a: Grimmsnarl
|
|-weather|none
|upkeep
|inactive|ultrablaze25 has 120 seconds left.
|
|t:|1686002839
|switch|p1a: Kingambit|Kingambit, F|100/100
|-damage|p1a: Kingambit|94/100|[from] Stealth Rock
|-activate|p1a: Kingambit|ability: Supreme Overlord
|-start|p1a: Kingambit|fallen2|[silent]
|turn|18
|
|t:|1686002846
|switch|p2a: Amoonguss|Amoonguss, F|100/100
|-damage|p2a: Amoonguss|88/100|[from] Stealth Rock
|move|p1a: Kingambit|Swords Dance|p1a: Kingambit
|-boost|p1a: Kingambit|atk|2
|
|upkeep
|turn|19
|inactive|ultrablaze25 has 120 seconds left.
|
|t:|1686002855
|move|p1a: Kingambit|Kowtow Cleave|p2a: Amoonguss
|-damage|p2a: Amoonguss|0 fnt
|-damage|p1a: Kingambit|78/100|[from] item: Rocky Helmet|[of] p2a: Amoonguss
|faint|p2a: Amoonguss
|
|upkeep
|
|t:|1686002872
|switch|p2a: Iron Treads|Iron Treads|100/100
|-damage|p2a: Iron Treads|97/100|[from] Stealth Rock
|turn|20
|
|t:|1686002883
|move|p1a: Kingambit|Sucker Punch|p2a: Iron Treads
|-crit|p2a: Iron Treads
|-damage|p2a: Iron Treads|0 fnt
|faint|p2a: Iron Treads
|-end|p2a: Iron Treads|Quark Drive|[silent]
|
|upkeep
|
|t:|1686002887
|switch|p2a: Pelipper|Pelipper, M|82/100
|-damage|p2a: Pelipper|57/100|[from] Stealth Rock
|-weather|RainDance|[from] ability: Drizzle|[of] p2a: Pelipper
|turn|21
|
|t:|1686002894
|move|p1a: Kingambit|Kowtow Cleave|p2a: Pelipper
|-damage|p2a: Pelipper|0 fnt
|faint|p2a: Pelipper
|
|-weather|RainDance|[upkeep]
|upkeep
|
|t:|1686002901
|switch|p2a: Basculegion|Basculegion, M|88/100
|-damage|p2a: Basculegion|76/100|[from] Stealth Rock
|turn|22
|
|t:|1686002907
|move|p2a: Basculegion|Aqua Jet|p1a: Kingambit
|-damage|p1a: Kingambit|44/100
|move|p1a: Kingambit|Kowtow Cleave|p2a: Basculegion
|-supereffective|p2a: Basculegion
|-damage|p2a: Basculegion|0 fnt
|faint|p2a: Basculegion
|
|-weather|RainDance|[upkeep]
|upkeep
|-message|Billgatesismydad forfeited.
|
|win|ultrablaze25
|raw|ultrablaze25's rating: 1183 → 1213(+30 for winning)
|raw|Billgatesismydad's rating: 1249 → 1219(-30 for losing)
|l|☆Billgatesismydad
