|j|☆emjay1707
|j|☆StarMaster10
|t:|1685998334
|gametype|singles
|player|p1|emjay1707|102|1317
|player|p2|StarMaster10|steven|1310
|teamsize|p1|6
|teamsize|p2|6
|gen|9
|tier|[Gen 9] OU
|rated|
|rule|Sleep Clause Mod: Limit one foe put to sleep
|rule|Species Clause: Limit one of each Pokémon
|rule|OHKO Clause: OHKO moves are banned
|rule|Evasion Items Clause: Evasion items are banned
|rule|Evasion Moves Clause: Evasion moves are banned
|rule|Endless Battle Clause: Forcing endless battles is banned
|rule|HP Percentage Mod: HP is shown in percentages
|clearpoke
|poke|p1|Espeon, M|
|poke|p1|Cinderace, M|
|poke|p1|Kingambit, M|
|poke|p1|Toxapex, F|
|poke|p1|Salamence, F|
|poke|p1|Lilligant-Hisui, F|
|poke|p2|Cinderace, F|
|poke|p2|Dragonite, M|
|poke|p2|Gholdengo|
|poke|p2|Mimikyu, M|
|poke|p2|Clodsire, F|
|poke|p2|Goodra-Hisui, F|
|teampreview
|inactive|Battle timer is ON: inactive players will automatically lose when time's up. (requested by emjay1707)
|
|t:|1685998348
|start
|switch|p1a: Toxapex|Toxapex, F|100/100
|switch|p2a: Clodsire|Clodsire, F|100/100
|turn|1
|
|t:|1685998355
|move|p1a: Toxapex|Surf|p2a: Clodsire
|-supereffective|p2a: Clodsire
|-damage|p2a: Clodsire|75/100
|move|p2a: Clodsire|Earthquake|p1a: Toxapex
|-supereffective|p1a: Toxapex
|-crit|p1a: Toxapex
|-damage|p1a: Toxapex|55/100
|
|-heal|p2a: Clodsire|82/100|[from] item: Black Sludge
|upkeep
|turn|2
|
|t:|1685998364
|switch|p1a: Salamence|Salamence, F|100/100
|-ability|p1a: Salamence|Intimidate|boost
|-unboost|p2a: Clodsire|atk|1
|move|p2a: Clodsire|Yawn|p1a: Salamence
|-start|p1a: Salamence|move: Yawn|[of] p2a: Clodsire
|
|-heal|p2a: Clodsire|88/100|[from] item: Black Sludge
|upkeep
|turn|3
|
|t:|1685998374
|switch|p1a: Espeon|Espeon, M|100/100
|switch|p2a: Mimikyu|Mimikyu, M|100/100
|
|upkeep
|turn|4
|
|t:|1685998392
|move|p2a: Mimikyu|Swords Dance|p2a: Mimikyu
|-boost|p2a: Mimikyu|atk|2
|move|p1a: Espeon|Substitute|p1a: Espeon
|-start|p1a: Espeon|Substitute
|-damage|p1a: Espeon|76/100
|
|-heal|p1a: Espeon|82/100|[from] item: Leftovers
|upkeep
|turn|5
|
|t:|1685998401
|move|p2a: Mimikyu|Shadow Sneak|p1a: Espeon
|-supereffective|p1a: Espeon
|-end|p1a: Espeon|Substitute
|-damage|p2a: Mimikyu|91/100|[from] item: Life Orb
|move|p1a: Espeon|Calm Mind|p1a: Espeon
|-boost|p1a: Espeon|spa|1
|-boost|p1a: Espeon|spd|1
|
|-heal|p1a: Espeon|88/100|[from] item: Leftovers
|upkeep
|turn|6
|
|t:|1685998413
|-terastallize|p1a: Espeon|Fairy
|move|p2a: Mimikyu|Play Rough|p1a: Espeon
|-damage|p1a: Espeon|0 fnt
|faint|p1a: Espeon
|-damage|p2a: Mimikyu|81/100|[from] item: Life Orb
|
|upkeep
|
|t:|1685998426
|switch|p1a: Salamence|Salamence, F|100/100
|-ability|p1a: Salamence|Intimidate|boost
|-unboost|p2a: Mimikyu|atk|1
|turn|7
|
|t:|1685998432
|switch|p1a: Cinderace|Cinderace, M|100/100
|move|p2a: Mimikyu|Swords Dance|p2a: Mimikyu
|-boost|p2a: Mimikyu|atk|2
|
|upkeep
|turn|8
|
|t:|1685998438
|move|p2a: Mimikyu|Shadow Sneak|p1a: Cinderace
|-damage|p1a: Cinderace|39/100
|-damage|p2a: Mimikyu|71/100|[from] item: Life Orb
|move|p1a: Cinderace|Will-O-Wisp|p2a: Mimikyu|[miss]
|-miss|p1a: Cinderace|p2a: Mimikyu
|
|upkeep
|turn|9
|
|t:|1685998444
|move|p2a: Mimikyu|Shadow Sneak|p1a: Cinderace
|-damage|p1a: Cinderace|0 fnt
|faint|p1a: Cinderace
|-damage|p2a: Mimikyu|61/100|[from] item: Life Orb
|
|upkeep
|
|t:|1685998446
|switch|p1a: Toxapex|Toxapex, F|88/100
|turn|10
|
|t:|1685998451
|move|p2a: Mimikyu|Swords Dance|p2a: Mimikyu
|-boost|p2a: Mimikyu|atk|2
|move|p1a: Toxapex|Haze|p1a: Toxapex
|-clearallboost
|
|upkeep
|turn|11
|
|t:|1685998458
|switch|p2a: Clodsire|Clodsire, F|88/100
|move|p1a: Toxapex|Toxic|p2a: Clodsire
|-immune|p2a: Clodsire
|
|-heal|p2a: Clodsire|94/100|[from] item: Black Sludge
|upkeep
|turn|12
|
|t:|1685998465
|switch|p1a: Salamence|Salamence, F|100/100
|-ability|p1a: Salamence|Intimidate|boost
|-unboost|p2a: Clodsire|atk|1
|move|p2a: Clodsire|Yawn|p1a: Salamence
|-start|p1a: Salamence|move: Yawn|[of] p2a: Clodsire
|
|-heal|p2a: Clodsire|100/100|[from] item: Black Sludge
|upkeep
|turn|13
|
|t:|1685998475
|switch|p1a: Lilligant|Lilligant-Hisui, F, shiny|100/100
|switch|p2a: Dragonite|Dragonite, M|100/100
|
|upkeep
|turn|14
|
|t:|1685998481
|move|p1a: Lilligant|Sleep Powder|p2a: Dragonite
|-status|p2a: Dragonite|slp|[from] move: Sleep Powder
|-enditem|p2a: Dragonite|Lum Berry|[eat]
|-curestatus|p2a: Dragonite|slp|[msg]
|move|p2a: Dragonite|Dragon Dance|p2a: Dragonite
|-boost|p2a: Dragonite|atk|1
|-boost|p2a: Dragonite|spe|1
|
|upkeep
|turn|15
|
|t:|1685998490
|switch|p1a: Toxapex|Toxapex, F|100/100
|move|p2a: Dragonite|Fire Punch|p1a: Toxapex
|-resisted|p1a: Toxapex
|-damage|p1a: Toxapex|87/100
|
|upkeep
|turn|16
|
|t:|1685998496
|move|p2a: Dragonite|Dragon Dance|p2a: Dragonite
|-boost|p2a: Dragonite|atk|1
|-boost|p2a: Dragonite|spe|1
|move|p1a: Toxapex|Haze|p1a: Toxapex
|-clearallboost
|
|upkeep
|turn|17
|
|t:|1685998502
|move|p2a: Dragonite|Dragon Dance|p2a: Dragonite
|-boost|p2a: Dragonite|atk|1
|-boost|p2a: Dragonite|spe|1
|move|p1a: Toxapex|Toxic|p2a: Dragonite
|-status|p2a: Dragonite|tox
|
|-damage|p2a: Dragonite|94/100 tox|[from] psn
|upkeep
|turn|18
|
|t:|1685998510
|move|p2a: Dragonite|Earthquake|p1a: Toxapex
|-supereffective|p1a: Toxapex
|-damage|p1a: Toxapex|9/100
|move|p1a: Toxapex|Haze|p1a: Toxapex
|-clearallboost
|
|-damage|p2a: Dragonite|82/100 tox|[from] psn
|upkeep
|turn|19
|
|t:|1685998518
|switch|p1a: Salamence|Salamence, F|100/100
|-ability|p1a: Salamence|Intimidate|boost
|-unboost|p2a: Dragonite|atk|1
|move|p2a: Dragonite|Dragon Dance|p2a: Dragonite
|-boost|p2a: Dragonite|atk|1
|-boost|p2a: Dragonite|spe|1
|
|-damage|p2a: Dragonite|63/100 tox|[from] psn
|upkeep
|turn|20
|
|t:|1685998528
|switch|p1a: Kingambit|Kingambit, M|100/100
|-activate|p1a: Kingambit|ability: Supreme Overlord
|-start|p1a: Kingambit|fallen2|[silent]
|move|p2a: Dragonite|Extreme Speed|p1a: Kingambit
|-resisted|p1a: Kingambit
|-damage|p1a: Kingambit|90/100
|
|-heal|p1a: Kingambit|96/100|[from] item: Leftovers
|-damage|p2a: Dragonite|39/100 tox|[from] psn
|upkeep
|turn|21
|
|t:|1685998538
|move|p1a: Kingambit|Sucker Punch|p2a: Dragonite
|-crit|p2a: Dragonite
|-damage|p2a: Dragonite|0 fnt
|faint|p2a: Dragonite
|
|-heal|p1a: Kingambit|100/100|[from] item: Leftovers
|upkeep
|
|t:|1685998551
|switch|p2a: Clodsire|Clodsire, F|100/100
|turn|22
|
|t:|1685998556
|-end|p1a: Kingambit|fallen2|[silent]
|switch|p1a: Salamence|Salamence, F|100/100
|-ability|p1a: Salamence|Intimidate|boost
|-unboost|p2a: Clodsire|atk|1
|move|p2a: Clodsire|Yawn|p1a: Salamence
|-start|p1a: Salamence|move: Yawn|[of] p2a: Clodsire
|
|upkeep
|turn|23
|
|t:|1685998577
|switch|p1a: Lilligant|Lilligant-Hisui, F, shiny|100/100
|switch|p2a: Goodra|Goodra-Hisui, F|100/100
|
|upkeep
|turn|24
|
|t:|1685998587
|switch|p1a: Toxapex|Toxapex, F|43/100
|switch|p2a: Mimikyu|Mimikyu, M|61/100
|
|upkeep
|turn|25
|
|t:|1685998593
|move|p2a: Mimikyu|Swords Dance|p2a: Mimikyu
|-boost|p2a: Mimikyu|atk|2
|move|p1a: Toxapex|Recover|p1a: Toxapex
|-heal|p1a: Toxapex|93/100
|
|upkeep
|turn|26
|
|t:|1685998599
|move|p2a: Mimikyu|Shadow Sneak|p1a: Toxapex
|-damage|p1a: Toxapex|63/100
|-damage|p2a: Mimikyu|51/100|[from] item: Life Orb
|move|p1a: Toxapex|Haze|p1a: Toxapex
|-clearallboost
|
|upkeep
|turn|27
|
|t:|1685998606
|switch|p2a: Goodra|Goodra-Hisui, F|100/100
|move|p1a: Toxapex|Toxic|p2a: Goodra
|-immune|p2a: Goodra
|
|upkeep
|turn|28
|
|t:|1685998613
|move|p2a: Goodra|Draco Meteor|p1a: Toxapex
|-damage|p1a: Toxapex|9/100
|-unboost|p2a: Goodra|spa|2
|move|p1a: Toxapex|Recover|p1a: Toxapex
|-heal|p1a: Toxapex|59/100
|
|upkeep
|turn|29
|
|t:|1685998623
|switch|p2a: Clodsire|Clodsire, F|100/100
|move|p1a: Toxapex|Recover|p1a: Toxapex
|-heal|p1a: Toxapex|100/100
|
|upkeep
|turn|30
|
|t:|1685998632
|switch|p1a: Salamence|Salamence, F|100/100
|-ability|p1a: Salamence|Intimidate|boost
|-unboost|p2a: Clodsire|atk|1
|move|p2a: Clodsire|Yawn|p1a: Salamence
|-start|p1a: Salamence|move: Yawn|[of] p2a: Clodsire
|
|upkeep
|turn|31
|inactive|StarMaster10 has 120 seconds left.
|
|t:|1685998662
|switch|p1a: Lilligant|Lilligant-Hisui, F, shiny|100/100
|switch|p2a: Cinderace|Cinderace, F|100/100
|
|upkeep
|turn|32
|inactive|StarMaster10 has 120 seconds left.
|
|t:|1685998673
|switch|p1a: Toxapex|Toxapex, F|100/100
|move|p2a: Cinderace|U-turn|p1a: Toxapex
|-start|p2a: Cinderace|typechange|Bug|[from] ability: Libero
|-resisted|p1a: Toxapex
|-damage|p1a: Toxapex|90/100
|inactive|StarMaster10 has 120 seconds left.
|
|t:|1685998680
|switch|p2a: Gholdengo|Gholdengo|100/100|[from] U-turn
|
|upkeep
|turn|33
|
|t:|1685998690
|move|p2a: Gholdengo|Trick|p1a: Toxapex
|-activate|p2a: Gholdengo|move: Trick|[of] p1a: Toxapex
|-item|p1a: Toxapex|Choice Scarf|[from] move: Trick
|-item|p2a: Gholdengo|Covert Cloak|[from] move: Trick
|move|p1a: Toxapex|Haze|p1a: Toxapex
|-clearallboost
|
|upkeep
|turn|34
|
|t:|1685998703
|switch|p1a: Kingambit|Kingambit, M|100/100
|-activate|p1a: Kingambit|ability: Supreme Overlord
|-start|p1a: Kingambit|fallen2|[silent]
|-terastallize|p2a: Gholdengo|Fairy
|move|p2a: Gholdengo|Tera Blast|p1a: Kingambit
|-damage|p1a: Kingambit|57/100
|
|-heal|p1a: Kingambit|63/100|[from] item: Leftovers
|upkeep
|turn|35
|
|t:|1685998713
|switch|p2a: Mimikyu|Mimikyu, M|51/100
|move|p1a: Kingambit|Iron Head|p2a: Mimikyu
|-activate|p2a: Mimikyu|ability: Disguise
|-damage|p2a: Mimikyu|51/100
|detailschange|p2a: Mimikyu|Mimikyu-Busted, M
|-damage|p2a: Mimikyu|38/100|[from] pokemon: Mimikyu-Busted
|
|-heal|p1a: Kingambit|69/100|[from] item: Leftovers
|upkeep
|turn|36
|
|t:|1685998724
|move|p2a: Mimikyu|Play Rough|p1a: Kingambit
|-damage|p1a: Kingambit|35/100
|-damage|p2a: Mimikyu|28/100|[from] item: Life Orb
|move|p1a: Kingambit|Swords Dance|p1a: Kingambit
|-boost|p1a: Kingambit|atk|2
|
|-heal|p1a: Kingambit|41/100|[from] item: Leftovers
|upkeep
|turn|37
|
|t:|1685998733
|move|p1a: Kingambit|Sucker Punch|p2a: Mimikyu
|-damage|p2a: Mimikyu|0 fnt
|faint|p2a: Mimikyu
|
|-heal|p1a: Kingambit|48/100|[from] item: Leftovers
|upkeep
|
|t:|1685998738
|switch|p2a: Clodsire|Clodsire, F|100/100
|turn|38
|
|t:|1685998742
|move|p1a: Kingambit|Kowtow Cleave|p2a: Clodsire
|-damage|p2a: Clodsire|50/100
|move|p2a: Clodsire|Earthquake|p1a: Kingambit
|-supereffective|p1a: Kingambit
|-damage|p1a: Kingambit|13/100
|
|-heal|p1a: Kingambit|19/100|[from] item: Leftovers
|-heal|p2a: Clodsire|56/100|[from] item: Black Sludge
|upkeep
|turn|39
|
|t:|1685998753
|move|p1a: Kingambit|Kowtow Cleave|p2a: Clodsire
|-damage|p2a: Clodsire|5/100
|move|p2a: Clodsire|Earthquake|p1a: Kingambit
|-supereffective|p1a: Kingambit
|-damage|p1a: Kingambit|0 fnt
|faint|p1a: Kingambit
|-end|p1a: Kingambit|fallen2|[silent]
|
|-heal|p2a: Clodsire|11/100|[from] item: Black Sludge
|upkeep
|
|t:|1685998756
|switch|p1a: Lilligant|Lilligant-Hisui, F, shiny|100/100
|turn|40
|
|t:|1685998765
|move|p1a: Lilligant|Sleep Powder|p2a: Clodsire
|-status|p2a: Clodsire|slp|[from] move: Sleep Powder
|cant|p2a: Clodsire|slp
|
|-heal|p2a: Clodsire|17/100 slp|[from] item: Black Sludge
|upkeep
|turn|41
|
|t:|1685998774
|switch|p1a: Salamence|Salamence, F|100/100
|-ability|p1a: Salamence|Intimidate|boost
|-unboost|p2a: Clodsire|atk|1
|-curestatus|p2a: Clodsire|slp|[msg]
|move|p2a: Clodsire|Recover|p2a: Clodsire
|-heal|p2a: Clodsire|67/100
|
|-heal|p2a: Clodsire|73/100|[from] item: Black Sludge
|upkeep
|turn|42
|
|t:|1685998784
|switch|p1a: Toxapex|Toxapex, F|100/100
|move|p2a: Clodsire|Yawn|p1a: Toxapex
|-start|p1a: Toxapex|move: Yawn|[of] p2a: Clodsire
|
|-heal|p2a: Clodsire|80/100|[from] item: Black Sludge
|upkeep
|turn|43
|
|t:|1685998793
|switch|p1a: Lilligant|Lilligant-Hisui, F, shiny|100/100
|switch|p2a: Gholdengo|Gholdengo, tera:Fairy|100/100
|
|upkeep
|turn|44
|
|t:|1685998804
|switch|p1a: Toxapex|Toxapex, F|100/100
|move|p2a: Gholdengo|Tera Blast|p1a: Toxapex
|-resisted|p1a: Toxapex
|-damage|p1a: Toxapex|83/100
|
|upkeep
|turn|45
|
|t:|1685998813
|move|p2a: Gholdengo|Shadow Ball|p1a: Toxapex
|-damage|p1a: Toxapex|47/100
|move|p1a: Toxapex|Surf|p2a: Gholdengo
|-damage|p2a: Gholdengo|79/100
|
|upkeep
|turn|46
|
|t:|1685998820
|switch|p1a: Lilligant|Lilligant-Hisui, F, shiny|100/100
|move|p2a: Gholdengo|Tera Blast|p1a: Lilligant
|-supereffective|p1a: Lilligant
|-damage|p1a: Lilligant|0 fnt
|faint|p1a: Lilligant
|
|upkeep
|
|t:|1685998823
|switch|p1a: Salamence|Salamence, F|100/100
|-ability|p1a: Salamence|Intimidate|boost
|-unboost|p2a: Gholdengo|atk|1
|turn|47
|
|t:|1685998831
|switch|p2a: Clodsire|Clodsire, F|80/100
|move|p1a: Salamence|Dragon Dance|p1a: Salamence
|-boost|p1a: Salamence|atk|1
|-boost|p1a: Salamence|spe|1
|
|-heal|p2a: Clodsire|86/100|[from] item: Black Sludge
|upkeep
|turn|48
|
|t:|1685998839
|move|p1a: Salamence|Earthquake|p2a: Clodsire
|-supereffective|p2a: Clodsire
|-damage|p2a: Clodsire|23/100
|move|p2a: Clodsire|Yawn|p1a: Salamence
|-start|p1a: Salamence|move: Yawn|[of] p2a: Clodsire
|
|-heal|p2a: Clodsire|29/100|[from] item: Black Sludge
|upkeep
|turn|49
|
|t:|1685998848
|switch|p1a: Toxapex|Toxapex, F|80/100
|move|p2a: Clodsire|Recover|p2a: Clodsire
|-heal|p2a: Clodsire|79/100
|
|-heal|p2a: Clodsire|85/100|[from] item: Black Sludge
|upkeep
|turn|50
|
|t:|1685998859
|switch|p1a: Salamence|Salamence, F|100/100
|-ability|p1a: Salamence|Intimidate|boost
|-unboost|p2a: Clodsire|atk|1
|move|p2a: Clodsire|Earthquake|p1a: Salamence
|-immune|p1a: Salamence
|
|-heal|p2a: Clodsire|92/100|[from] item: Black Sludge
|upkeep
|turn|51
|
|t:|1685998868
|switch|p1a: Toxapex|Toxapex, F|100/100
|move|p2a: Clodsire|Yawn|p1a: Toxapex
|-start|p1a: Toxapex|move: Yawn|[of] p2a: Clodsire
|
|-heal|p2a: Clodsire|98/100|[from] item: Black Sludge
|upkeep
|turn|52
|
|t:|1685998875
|move|p1a: Toxapex|Toxic|p2a: Clodsire
|-immune|p2a: Clodsire
|move|p2a: Clodsire|Toxic|p1a: Toxapex
|-immune|p1a: Toxapex
|
|-heal|p2a: Clodsire|100/100|[from] item: Black Sludge
|-end|p1a: Toxapex|move: Yawn|[silent]
|-status|p1a: Toxapex|slp
|upkeep
|turn|53
|
|t:|1685998886
|switch|p1a: Salamence|Salamence, F|100/100
|-ability|p1a: Salamence|Intimidate|boost
|-unboost|p2a: Clodsire|atk|1
|switch|p2a: Gholdengo|Gholdengo, tera:Fairy|79/100
|
|upkeep
|turn|54
|
|t:|1685998893
|switch|p1a: Toxapex|Toxapex, F|100/100 slp
|move|p2a: Gholdengo|Tera Blast|p1a: Toxapex
|-resisted|p1a: Toxapex
|-damage|p1a: Toxapex|84/100 slp
|
|upkeep
|turn|55
|
|t:|1685998899
|move|p2a: Gholdengo|Shadow Ball|p1a: Toxapex
|-damage|p1a: Toxapex|51/100 slp
|cant|p1a: Toxapex|slp
|
|upkeep
|turn|56
|
|t:|1685998904
|move|p2a: Gholdengo|Shadow Ball|p1a: Toxapex
|-damage|p1a: Toxapex|19/100 slp
|cant|p1a: Toxapex|slp
|
|upkeep
|turn|57
|
|t:|1685998910
|move|p2a: Gholdengo|Tera Blast|p1a: Toxapex
|-resisted|p1a: Toxapex
|-damage|p1a: Toxapex|1/100 slp
|cant|p1a: Toxapex|slp
|
|upkeep
|turn|58
|
|t:|1685998915
|move|p2a: Gholdengo|Tera Blast|p1a: Toxapex
|-resisted|p1a: Toxapex
|-damage|p1a: Toxapex|0 fnt
|faint|p1a: Toxapex
|
|upkeep
|
|t:|1685998916
|switch|p1a: Salamence|Salamence, F|100/100
|-ability|p1a: Salamence|Intimidate|boost
|-unboost|p2a: Gholdengo|atk|1
|turn|59
|
|t:|1685998922
|move|p1a: Salamence|Dragon Dance|p1a: Salamence
|-boost|p1a: Salamence|atk|1
|-boost|p1a: Salamence|spe|1
|move|p2a: Gholdengo|Tera Blast|p1a: Salamence
|-supereffective|p1a: Salamence
|-damage|p1a: Salamence|0 fnt
|faint|p1a: Salamence
|
|win|StarMaster10
|raw|emjay1707's rating: 1317 → 1297(-20 for losing)
|raw|StarMaster10's rating: 1310 → 1330(+20 for winning)
|l|☆emjay1707
