|poke|p1|Dragapult, M|
|poke|p1|Thundurus-Therian, M|
|poke|p1|Dondozo, M|
|poke|p1|Corviknight, F|
|poke|p1|Slowking-Galar, F|
|poke|p1|Meowscarada, M|
|poke|p2|Enamorus-Therian, F|
|poke|p2|Gholdengo|
|poke|p2|Sneasler, M|
|poke|p2|Zamazenta-*|
|poke|p2|Dragapult, F|
|poke|p2|Garchomp, F|
|teampreview
|
|start
|switch|p1a: Thundurus|Thundurus-Therian, M|100/100
|switch|p2a: Hazard Wolowitz|Garchomp, F|100/100
|turn|1
|
|move|p2a: Hazard Wolowitz|Stealth Rock|p1a: Thundurus
|-sidestart|p1: Ceo O Wo-Chien|move: Stealth Rock
|move|p1a: Thundurus|Nasty Plot|p1a: Thundurus
|-boost|p1a: Thundurus|spa|2
|
|turn|2
|
|move|p1a: Thundurus|Substitute|p1a: Thundurus
|-start|p1a: Thundurus|Substitute
|-damage|p1a: Thundurus|76/100
|move|p2a: Hazard Wolowitz|Dragon Tail|p1a: Thundurus
|-end|p1a: Thundurus|Substitute
|
|turn|3
|
|move|p1a: Thundurus|Substitute|p1a: Thundurus
|-start|p1a: Thundurus|Substitute
|-damage|p1a: Thundurus|51/100
|move|p2a: Hazard Wolowitz|Dragon Tail|p1a: Thundurus
|-end|p1a: Thundurus|Substitute
|
|turn|4
|
|move|p1a: Thundurus|Substitute|p1a: Thundurus
|-start|p1a: Thundurus|Substitute
|-damage|p1a: Thundurus|26/100
|move|p2a: Hazard Wolowitz|Dragon Tail|p1a: Thundurus
|-end|p1a: Thundurus|Substitute
|
|turn|5
|
|move|p1a: Thundurus|Substitute|p1a: Thundurus
|-start|p1a: Thundurus|Substitute
|-damage|p1a: Thundurus|2/100
|move|p2a: Hazard Wolowitz|Dragon Tail|p1a: Thundurus
|-end|p1a: Thundurus|Substitute
|
|turn|6
|
|-terastallize|p1a: Thundurus|Water
|move|p1a: Thundurus|Tera Blast|p2a: Hazard Wolowitz
|-damage|p2a: Hazard Wolowitz|17/100
|move|p2a: Hazard Wolowitz|Dragon Tail|p1a: Thundurus
|-damage|p1a: Thundurus|0 fnt
|faint|p1a: Thundurus
|
|
|switch|p1a: Corviknight|Corviknight, F|100/100
|-damage|p1a: Corviknight|88/100|[from] Stealth Rock
|turn|7
|
|switch|p2a: Penny|Gholdengo|100/100
|move|p1a: Corviknight|Defog|p2a: Penny
|-immune|p2a: Penny|[from] ability: Good as Gold
|
|-heal|p1a: Corviknight|94/100|[from] item: Leftovers
|turn|8
|
|move|p2a: Penny|Nasty Plot|p2a: Penny
|-boost|p2a: Penny|spa|2
|move|p1a: Corviknight|U-turn|p2a: Penny
|-resisted|p2a: Penny
|-damage|p2a: Penny|97/100
|
|switch|p1a: Meowscarada|Meowscarada, M|100/100|[from] U-turn
|-damage|p1a: Meowscarada|88/100|[from] Stealth Rock
|
|turn|9
|
|switch|p2a: Hazard Wolowitz|Garchomp, F|17/100
|move|p1a: Meowscarada|Knock Off|p2a: Hazard Wolowitz
|-start|p1a: Meowscarada|typechange|Dark|[from] ability: Protean
|-damage|p2a: Hazard Wolowitz|0 fnt
|-damage|p1a: Meowscarada|76/100|[from] ability: Rough Skin|[of] p2a: Hazard Wolowitz
|-damage|p1a: Meowscarada|60/100|[from] item: Rocky Helmet|[of] p2a: Hazard Wolowitz
|-enditem|p2a: Hazard Wolowitz|Rocky Helmet|[from] move: Knock Off|[of] p1a: Meowscarada
|faint|p2a: Hazard Wolowitz
|
|
|switch|p2a: Zamy Howler|Zamazenta|100/100
|-ability|p2a: Zamy Howler|Dauntless Shield|boost
|-boost|p2a: Zamy Howler|def|1
|turn|10
|
|switch|p1a: Dondozo|Dondozo, M|100/100
|-damage|p1a: Dondozo|88/100|[from] Stealth Rock
|move|p2a: Zamy Howler|Substitute|p2a: Zamy Howler
|-start|p2a: Zamy Howler|Substitute
|-damage|p2a: Zamy Howler|76/100
|
|-heal|p2a: Zamy Howler|82/100|[from] item: Leftovers
|turn|11
|
|move|p2a: Zamy Howler|Body Press|p1a: Dondozo
|-damage|p1a: Dondozo|73/100
|move|p1a: Dondozo|Liquidation|p2a: Zamy Howler
|-crit|p2a: Zamy Howler
|-end|p2a: Zamy Howler|Substitute
|
|-heal|p2a: Zamy Howler|88/100|[from] item: Leftovers
|turn|12
|
|move|p2a: Zamy Howler|Body Press|p1a: Dondozo
|-damage|p1a: Dondozo|60/100
|move|p1a: Dondozo|Liquidation|p2a: Zamy Howler
|-damage|p2a: Zamy Howler|64/100
|
|-heal|p2a: Zamy Howler|70/100|[from] item: Leftovers
|turn|13
|
|switch|p2a: Draj Koothra|Dragapult, F|100/100
|move|p1a: Dondozo|Liquidation|p2a: Draj Koothra
|-resisted|p2a: Draj Koothra
|-damage|p2a: Draj Koothra|84/100
|
|turn|14
|
|switch|p1a: Corviknight|Corviknight, F|94/100
|-damage|p1a: Corviknight|82/100|[from] Stealth Rock
|move|p2a: Draj Koothra|Will-O-Wisp|p1a: Corviknight
|-status|p1a: Corviknight|brn
|
|-heal|p1a: Corviknight|88/100 brn|[from] item: Leftovers
|-damage|p1a: Corviknight|82/100 brn|[from] brn
|turn|15
|
|move|p2a: Draj Koothra|Reflect|p2a: Draj Koothra
|-sidestart|p2: jburgzzz|Reflect
|move|p1a: Corviknight|U-turn|p2a: Draj Koothra
|-resisted|p2a: Draj Koothra
|-damage|p2a: Draj Koothra|82/100
|-start|p1a: Corviknight|Disable|U-turn|[from] ability: Cursed Body|[of] p2a: Draj Koothra
|
|switch|p1a: Dragapult|Dragapult, M|100/100|[from] U-turn
|-damage|p1a: Dragapult|88/100|[from] Stealth Rock
|
|turn|16
|
|switch|p2a: Penny|Gholdengo|97/100
|move|p1a: Dragapult|Shadow Ball|p2a: Penny
|-supereffective|p2a: Penny
|-damage|p2a: Penny|0 fnt
|faint|p2a: Penny
|
|
|switch|p2a: Shelldon Cooper|Enamorus-Therian, F|100/100
|turn|17
|
|switch|p1a: Slowking|Slowking-Galar, F|100/100
|-damage|p1a: Slowking|88/100|[from] Stealth Rock
|move|p2a: Shelldon Cooper|Moonblast|p1a: Slowking
|-resisted|p1a: Slowking
|-damage|p1a: Slowking|72/100
|-damage|p2a: Shelldon Cooper|91/100|[from] item: Life Orb
|
|turn|18
|
|move|p2a: Shelldon Cooper|Earth Power|p1a: Slowking
|-supereffective|p1a: Slowking
|-damage|p1a: Slowking|35/100
|-damage|p2a: Shelldon Cooper|81/100|[from] item: Life Orb
|move|p1a: Slowking|Future Sight|p2a: Shelldon Cooper
|-start|p1a: Slowking|move: Future Sight
|
|turn|19
|
|switch|p2a: Draj Koothra|Dragapult, F|82/100
|switch|p1a: Corviknight|Corviknight, F|82/100 brn
|-damage|p1a: Corviknight|70/100 brn|[from] Stealth Rock
|
|-heal|p1a: Corviknight|76/100 brn|[from] item: Leftovers
|-damage|p1a: Corviknight|70/100 brn|[from] brn
|turn|20
|
|move|p2a: Draj Koothra|Light Screen|p2a: Draj Koothra
|-sidestart|p2: jburgzzz|move: Light Screen
|move|p1a: Corviknight|Roost|p1a: Corviknight
|-heal|p1a: Corviknight|100/100 brn
|-singleturn|p1a: Corviknight|move: Roost
|
|-end|p2a: Draj Koothra|move: Future Sight
|-damage|p2a: Draj Koothra|57/100
|-damage|p1a: Corviknight|94/100 brn|[from] brn
|turn|21
|
|move|p2a: Draj Koothra|Curse|p1a: Corviknight
|-start|p1a: Corviknight|Curse|[of] p2a: Draj Koothra
|-damage|p2a: Draj Koothra|7/100
|move|p1a: Corviknight|Defog|p2a: Draj Koothra
|-unboost|p2a: Draj Koothra|evasion|1
|-sideend|p2: jburgzzz|Reflect
|-sideend|p2: jburgzzz|move: Light Screen
|-sideend|p1: Ceo O Wo-Chien|Stealth Rock|[from] move: Defog|[of] p1a: Corviknight
|
|-heal|p1a: Corviknight|100/100 brn|[from] item: Leftovers
|-damage|p1a: Corviknight|94/100 brn|[from] brn
|-damage|p1a: Corviknight|70/100 brn|[from] Curse
|turn|22
|
|move|p2a: Draj Koothra|Reflect|p2a: Draj Koothra
|-sidestart|p2: jburgzzz|Reflect
|move|p1a: Corviknight|U-turn|p2a: Draj Koothra
|-resisted|p2a: Draj Koothra
|-damage|p2a: Draj Koothra|5/100
|-start|p1a: Corviknight|Disable|U-turn|[from] ability: Cursed Body|[of] p2a: Draj Koothra
|
|switch|p1a: Meowscarada|Meowscarada, M|60/100|[from] U-turn
|
|turn|23
|
|move|p2a: Draj Koothra|Light Screen|p2a: Draj Koothra
|-sidestart|p2: jburgzzz|move: Light Screen
|move|p1a: Meowscarada|Knock Off|p2a: Draj Koothra
|-start|p1a: Meowscarada|typechange|Dark|[from] ability: Protean
|-supereffective|p2a: Draj Koothra
|-damage|p2a: Draj Koothra|0 fnt
|-start|p1a: Meowscarada|Disable|Knock Off|[from] ability: Cursed Body|[of] p2a: Draj Koothra
|-enditem|p2a: Draj Koothra|Light Clay|[from] move: Knock Off|[of] p1a: Meowscarada
|faint|p2a: Draj Koothra
|
|
|switch|p2a: Sleonard H.|Sneasler, M|100/100
|-item|p2a: Sleonard H.|Air Balloon
|turn|24
|
|switch|p1a: Corviknight|Corviknight, F|70/100 brn
|move|p2a: Sleonard H.|Swords Dance|p2a: Sleonard H.
|-boost|p2a: Sleonard H.|atk|2
|
|-heal|p1a: Corviknight|76/100 brn|[from] item: Leftovers
|-damage|p1a: Corviknight|70/100 brn|[from] brn
|turn|25
|
|move|p2a: Sleonard H.|Close Combat|p1a: Corviknight
|-damage|p1a: Corviknight|0 fnt
|-unboost|p2a: Sleonard H.|def|1
|-unboost|p2a: Sleonard H.|spd|1
|faint|p1a: Corviknight
|
|
|switch|p1a: Dragapult|Dragapult, M|88/100
|turn|26
|
|move|p1a: Dragapult|Shadow Ball|p2a: Sleonard H.
|-damage|p2a: Sleonard H.|0 fnt
|-enditem|p2a: Sleonard H.|Air Balloon
|faint|p2a: Sleonard H.
|
|
|switch|p2a: Shelldon Cooper|Enamorus-Therian, F|81/100
|turn|27
|
|switch|p1a: Slowking|Slowking-Galar, F|68/100
|move|p2a: Shelldon Cooper|Earth Power|p1a: Slowking
|-supereffective|p1a: Slowking
|-damage|p1a: Slowking|28/100
|-damage|p2a: Shelldon Cooper|71/100|[from] item: Life Orb
|
|turn|28
|
|switch|p1a: Meowscarada|Meowscarada, M|60/100
|move|p2a: Shelldon Cooper|Earth Power|p1a: Meowscarada
|-resisted|p1a: Meowscarada
|-damage|p1a: Meowscarada|24/100
|-damage|p2a: Shelldon Cooper|62/100|[from] item: Life Orb
|
|turn|29
|
|move|p1a: Meowscarada|Knock Off|p2a: Shelldon Cooper
|-start|p1a: Meowscarada|typechange|Dark|[from] ability: Protean
|-resisted|p2a: Shelldon Cooper
|-damage|p2a: Shelldon Cooper|45/100
|-enditem|p2a: Shelldon Cooper|Life Orb|[from] move: Knock Off|[of] p1a: Meowscarada
|move|p2a: Shelldon Cooper|Moonblast|p1a: Meowscarada
|-supereffective|p1a: Meowscarada
|-damage|p1a: Meowscarada|0 fnt
|faint|p1a: Meowscarada
|
|-sideend|p2: jburgzzz|Reflect
|
|switch|p1a: Dragapult|Dragapult, M|88/100
|turn|30
|
|move|p1a: Dragapult|Shadow Ball|p2a: Shelldon Cooper
|-damage|p2a: Shelldon Cooper|0 fnt
|faint|p2a: Shelldon Cooper
|
|-sideend|p2: jburgzzz|move: Light Screen
|
|switch|p2a: Zamy Howler|Zamazenta|70/100
|turn|31
|
|move|p1a: Dragapult|Shadow Ball|p2a: Zamy Howler
|-damage|p2a: Zamy Howler|32/100
|-unboost|p2a: Zamy Howler|spd|1
|move|p2a: Zamy Howler|Crunch|p1a: Dragapult
|-supereffective|p1a: Dragapult
|-damage|p1a: Dragapult|34/100
|
|-heal|p2a: Zamy Howler|38/100|[from] item: Leftovers
|turn|32
|-message|jburgzzz forfeited.
|
|win|Ceo O Wo-Chien
