|poke|p1|Roaring Moon|
|poke|p1|Torkoal, F|
|poke|p1|Lilligant-Hisui, F|
|poke|p1|Typhlosion-Hisui, M|
|poke|p1|Cinderace, M|
|poke|p1|Hatterene, F|
|poke|p2|Magearna|
|poke|p2|Drifblim, F|
|poke|p2|Clodsire, M|
|poke|p2|Skeledirge, F|
|poke|p2|Toxapex, F|
|poke|p2|Blissey, F|
|teampreview
|
|start
|switch|p1a: Torkoal|Torkoal, F|100/100
|switch|p2a: Toxapex|Toxapex, F|100/100
|-weather|SunnyDay|[from] ability: Drought|[of] p1a: Torkoal
|turn|1
|
|switch|p1a: Hatterene|Hatterene, F|100/100
|move|p2a: Toxapex|Toxic|p1a: Hatterene
|move|p1a: Hatterene|Toxic|p2a: Toxapex|[from]ability: Magic Bounce|[miss]
|-miss|p1a: Hatterene|p2a: Toxapex
|
|-weather|SunnyDay|[upkeep]
|turn|2
|
|switch|p2a: Blissey|Blissey, F|100/100
|switch|p1a: Typhlosion|Typhlosion-Hisui, M|100/100
|
|-weather|SunnyDay|[upkeep]
|turn|3
|
|switch|p1a: Lilligant|Lilligant-Hisui, F|100/100
|move|p2a: Blissey|Stealth Rock|p1a: Lilligant
|-sidestart|p1: goodalakazam|move: Stealth Rock
|
|-weather|SunnyDay|[upkeep]
|turn|4
|
|switch|p2a: Skeledirge|Skeledirge, F|100/100
|move|p1a: Lilligant|Swords Dance|p1a: Lilligant
|-boost|p1a: Lilligant|atk|2
|
|-weather|SunnyDay|[upkeep]
|turn|5
|
|switch|p1a: Roaring Moon|Roaring Moon|100/100
|-damage|p1a: Roaring Moon|88/100|[from] Stealth Rock
|-activate|p1a: Roaring Moon|ability: Protosynthesis
|-start|p1a: Roaring Moon|protosynthesisatk
|move|p2a: Skeledirge|Torch Song|p1a: Roaring Moon
|-resisted|p1a: Roaring Moon
|-damage|p1a: Roaring Moon|67/100
|-boost|p2a: Skeledirge|spa|1
|
|-weather|SunnyDay|[upkeep]
|turn|6
|
|switch|p2a: Magearna|Magearna|100/100
|-terastallize|p1a: Roaring Moon|Dark
|move|p1a: Roaring Moon|Crunch|p2a: Magearna
|-resisted|p2a: Magearna
|-damage|p2a: Magearna|63/100
|-unboost|p2a: Magearna|def|1
|
|-weather|SunnyDay|[upkeep]
|turn|7
|
|switch|p2a: Drifblim|Drifblim, F|100/100
|move|p1a: Roaring Moon|Crunch|p2a: Drifblim
|-supereffective|p2a: Drifblim
|-damage|p2a: Drifblim|0 fnt
|-damage|p1a: Roaring Moon|42/100|[from] ability: Aftermath|[of] p2a: Drifblim
|faint|p2a: Drifblim
|
|-weather|SunnyDay|[upkeep]
|
|switch|p2a: Toxapex|Toxapex, F|100/100
|turn|8
|
|move|p1a: Roaring Moon|Crunch|p2a: Toxapex
|-damage|p2a: Toxapex|33/100
|move|p2a: Toxapex|Toxic|p1a: Roaring Moon
|-status|p1a: Roaring Moon|tox
|
|-weather|none
|-end|p1a: Roaring Moon|Protosynthesis
|-damage|p1a: Roaring Moon|36/100 tox|[from] psn
|turn|9
|
|switch|p2a: Magearna|Magearna|63/100
|move|p1a: Roaring Moon|Crunch|p2a: Magearna
|-resisted|p2a: Magearna
|-damage|p2a: Magearna|35/100
|-unboost|p2a: Magearna|def|1
|
|-damage|p1a: Roaring Moon|24/100 tox|[from] psn
|turn|10
|
|switch|p2a: Toxapex|Toxapex, F|67/100
|move|p1a: Roaring Moon|Crunch|p2a: Toxapex
|-damage|p2a: Toxapex|14/100
|-unboost|p2a: Toxapex|def|1
|
|-damage|p1a: Roaring Moon|5/100 tox|[from] psn
|turn|11
|
|switch|p2a: Magearna|Magearna|35/100
|move|p1a: Roaring Moon|Crunch|p2a: Magearna
|-resisted|p2a: Magearna
|-damage|p2a: Magearna|7/100
|-unboost|p2a: Magearna|def|1
|
|-damage|p1a: Roaring Moon|0 fnt|[from] psn
|faint|p1a: Roaring Moon
|-ability|p2a: Magearna|Soul-Heart|boost
|-boost|p2a: Magearna|spa|1
|-end|p1a: Roaring Moon|Protosynthesis|[silent]
|
|switch|p1a: Cinderace|Cinderace, M|100/100
|turn|12
|
|switch|p2a: Skeledirge|Skeledirge, F|100/100
|move|p1a: Cinderace|Court Change|p1a: Cinderace
|-swapsideconditions
|-activate|p1a: Cinderace|move: Court Change
|
|turn|13
|
|move|p1a: Cinderace|U-turn|p2a: Skeledirge
|-resisted|p2a: Skeledirge
|-damage|p2a: Skeledirge|97/100
|
|switch|p1a: Typhlosion|Typhlosion-Hisui, M|100/100|[from] U-turn
|move|p2a: Skeledirge|Torch Song|p1a: Typhlosion
|-resisted|p1a: Typhlosion
|-damage|p1a: Typhlosion|79/100
|-boost|p2a: Skeledirge|spa|1
|
|turn|14
|
|switch|p2a: Blissey|Blissey, F|100/100
|move|p1a: Typhlosion|Shadow Ball|p2a: Blissey
|-immune|p2a: Blissey
|
|turn|15
|
|switch|p1a: Hatterene|Hatterene, F|100/100
|move|p2a: Blissey|Stealth Rock|p1a: Hatterene
|move|p1a: Hatterene|Stealth Rock||[from]ability: Magic Bounce|[still]
|-fail|p1a: Hatterene
|
|turn|16
|
|switch|p2a: Magearna|Magearna|7/100
|move|p1a: Hatterene|Calm Mind|p1a: Hatterene
|-boost|p1a: Hatterene|spa|1
|-boost|p1a: Hatterene|spd|1
|
|turn|17
|
|move|p2a: Magearna|Pain Split|p1a: Hatterene
|-sethp|p1a: Hatterene|54/100|[from] move: Pain Split|[silent]
|-sethp|p2a: Magearna|47/100|[from] move: Pain Split
|move|p1a: Hatterene|Psyshock|p2a: Magearna
|-resisted|p2a: Magearna
|-damage|p2a: Magearna|31/100
|
|-heal|p1a: Hatterene|60/100|[from] item: Leftovers
|turn|18
|
|move|p2a: Magearna|Pain Split|p1a: Hatterene
|-sethp|p1a: Hatterene|48/100|[from] move: Pain Split|[silent]
|-sethp|p2a: Magearna|42/100|[from] move: Pain Split
|move|p1a: Hatterene|Calm Mind|p1a: Hatterene
|-boost|p1a: Hatterene|spa|1
|-boost|p1a: Hatterene|spd|1
|
|-heal|p1a: Hatterene|54/100|[from] item: Leftovers
|turn|19
|
|switch|p2a: Clodsire|Clodsire, M|100/100
|move|p1a: Hatterene|Draining Kiss|p2a: Clodsire
|-resisted|p2a: Clodsire
|-damage|p2a: Clodsire|94/100
|-heal|p1a: Hatterene|61/100|[from] drain|[of] p2a: Clodsire
|
|-heal|p1a: Hatterene|67/100|[from] item: Leftovers
|turn|20
|
|-terastallize|p2a: Clodsire|Flying
|move|p1a: Hatterene|Psyshock|p2a: Clodsire
|-damage|p2a: Clodsire|56/100
|move|p2a: Clodsire|Earthquake|p1a: Hatterene
|-damage|p1a: Hatterene|46/100
|
|-heal|p1a: Hatterene|52/100|[from] item: Leftovers
|turn|21
|
|move|p1a: Hatterene|Draining Kiss|p2a: Clodsire
|-damage|p2a: Clodsire|43/100
|-heal|p1a: Hatterene|66/100|[from] drain|[of] p2a: Clodsire
|move|p2a: Clodsire|Earthquake|p1a: Hatterene
|-damage|p1a: Hatterene|45/100
|
|-heal|p1a: Hatterene|51/100|[from] item: Leftovers
|turn|22
|
|move|p1a: Hatterene|Psyshock|p2a: Clodsire
|-damage|p2a: Clodsire|3/100
|move|p2a: Clodsire|Recover|p2a: Clodsire
|-heal|p2a: Clodsire|53/100
|
|-heal|p1a: Hatterene|57/100|[from] item: Leftovers
|turn|23
|
|move|p1a: Hatterene|Draining Kiss|p2a: Clodsire
|-damage|p2a: Clodsire|41/100
|-heal|p1a: Hatterene|70/100|[from] drain|[of] p2a: Clodsire
|move|p2a: Clodsire|Recover|p2a: Clodsire
|-heal|p2a: Clodsire|91/100
|
|-heal|p1a: Hatterene|76/100|[from] item: Leftovers
|turn|24
|
|move|p1a: Hatterene|Psyshock|p2a: Clodsire
|-damage|p2a: Clodsire|48/100
|move|p2a: Clodsire|Earthquake|p1a: Hatterene
|-damage|p1a: Hatterene|55/100
|
|-heal|p1a: Hatterene|61/100|[from] item: Leftovers
|turn|25
|
|move|p1a: Hatterene|Psyshock|p2a: Clodsire
|-damage|p2a: Clodsire|7/100
|move|p2a: Clodsire|Recover|p2a: Clodsire
|-heal|p2a: Clodsire|57/100
|
|-heal|p1a: Hatterene|67/100|[from] item: Leftovers
|turn|26
|
|move|p1a: Hatterene|Draining Kiss|p2a: Clodsire
|-damage|p2a: Clodsire|45/100
|-heal|p1a: Hatterene|79/100|[from] drain|[of] p2a: Clodsire
|move|p2a: Clodsire|Recover|p2a: Clodsire
|-heal|p2a: Clodsire|95/100
|
|-heal|p1a: Hatterene|85/100|[from] item: Leftovers
|turn|27
|
|move|p1a: Hatterene|Psyshock|p2a: Clodsire
|-damage|p2a: Clodsire|56/100
|move|p2a: Clodsire|Earthquake|p1a: Hatterene
|-damage|p1a: Hatterene|62/100
|
|-heal|p1a: Hatterene|68/100|[from] item: Leftovers
|turn|28
|
|switch|p2a: Skeledirge|Skeledirge, F|97/100
|move|p1a: Hatterene|Psyshock|p2a: Skeledirge
|-damage|p2a: Skeledirge|73/100
|
|-heal|p1a: Hatterene|74/100|[from] item: Leftovers
|turn|29
|
|move|p2a: Skeledirge|Torch Song|p1a: Hatterene
|-damage|p1a: Hatterene|45/100
|-boost|p2a: Skeledirge|spa|1
|move|p1a: Hatterene|Psyshock|p2a: Skeledirge
|-damage|p2a: Skeledirge|53/100
|
|-heal|p1a: Hatterene|51/100|[from] item: Leftovers
|turn|30
|
|switch|p1a: Typhlosion|Typhlosion-Hisui, M|79/100
|move|p2a: Skeledirge|Torch Song|p1a: Typhlosion
|-resisted|p1a: Typhlosion
|-damage|p1a: Typhlosion|51/100
|-boost|p2a: Skeledirge|spa|1
|
|turn|31
|
|switch|p1a: Lilligant|Lilligant-Hisui, F|100/100
|switch|p2a: Blissey|Blissey, F|100/100
|
|turn|32
|
|switch|p2a: Magearna|Magearna|42/100
|move|p1a: Lilligant|Leaf Blade|p2a: Magearna
|-resisted|p2a: Magearna
|-damage|p2a: Magearna|24/100
|-damage|p1a: Lilligant|90/100|[from] item: Life Orb
|
|turn|33
|
|move|p1a: Lilligant|Close Combat|p2a: Magearna
|-damage|p2a: Magearna|0 fnt
|-unboost|p1a: Lilligant|def|1
|-unboost|p1a: Lilligant|spd|1
|faint|p2a: Magearna
|-damage|p1a: Lilligant|80/100|[from] item: Life Orb
|
|
|switch|p2a: Skeledirge|Skeledirge, F|53/100
|turn|34
|
|switch|p1a: Typhlosion|Typhlosion-Hisui, M|51/100
|move|p2a: Skeledirge|Slack Off|p2a: Skeledirge
|-heal|p2a: Skeledirge|100/100
|
|turn|35
|
|switch|p2a: Blissey|Blissey, F|100/100
|move|p1a: Typhlosion|Shadow Ball|p2a: Blissey
|-immune|p2a: Blissey
|
|turn|36
|
|switch|p1a: Hatterene|Hatterene, F|51/100
|move|p2a: Blissey|Stealth Rock|p1a: Hatterene
|move|p1a: Hatterene|Stealth Rock||[from]ability: Magic Bounce|[still]
|-fail|p1a: Hatterene
|
|-heal|p1a: Hatterene|57/100|[from] item: Leftovers
|turn|37
|
|switch|p2a: Skeledirge|Skeledirge, F|100/100
|switch|p1a: Torkoal|Torkoal, F|100/100
|-weather|SunnyDay|[from] ability: Drought|[of] p1a: Torkoal
|
|-weather|SunnyDay|[upkeep]
|turn|38
|
|switch|p2a: Blissey|Blissey, F|100/100
|move|p1a: Torkoal|Yawn|p2a: Blissey
|-start|p2a: Blissey|move: Yawn|[of] p1a: Torkoal
|
|-weather|SunnyDay|[upkeep]
|turn|39
|
|switch|p1a: Cinderace|Cinderace, M|100/100
|move|p2a: Blissey|Stealth Rock|p1a: Cinderace
|-sidestart|p1: goodalakazam|move: Stealth Rock
|
|-weather|SunnyDay|[upkeep]
|-end|p2a: Blissey|move: Yawn|[silent]
|-status|p2a: Blissey|slp
|turn|40
|
|-curestatus|p2a: Blissey|slp|[from] ability: Natural Cure
|switch|p2a: Toxapex|Toxapex, F|47/100
|move|p1a: Cinderace|Pyro Ball|p2a: Toxapex
|-resisted|p2a: Toxapex
|-damage|p2a: Toxapex|20/100
|-status|p2a: Toxapex|brn
|
|-weather|SunnyDay|[upkeep]
|-damage|p2a: Toxapex|14/100 brn|[from] brn
|turn|41
|
|switch|p2a: Skeledirge|Skeledirge, F|100/100
|move|p1a: Cinderace|Pyro Ball|p2a: Skeledirge
|-resisted|p2a: Skeledirge
|-damage|p2a: Skeledirge|74/100
|
|-weather|SunnyDay|[upkeep]
|turn|42
|
|move|p1a: Cinderace|Pyro Ball|p2a: Skeledirge
|-resisted|p2a: Skeledirge
|-damage|p2a: Skeledirge|47/100
|move|p2a: Skeledirge|Torch Song|p1a: Cinderace
|-resisted|p1a: Cinderace
|-damage|p1a: Cinderace|67/100
|-boost|p2a: Skeledirge|spa|1
|
|-weather|SunnyDay|[upkeep]
|turn|43
|
|move|p1a: Cinderace|Pyro Ball|p2a: Skeledirge
|-resisted|p2a: Skeledirge
|-damage|p2a: Skeledirge|20/100
|move|p2a: Skeledirge|Slack Off|p2a: Skeledirge
|-heal|p2a: Skeledirge|70/100
|
|-weather|SunnyDay|[upkeep]
|turn|44
|
|move|p1a: Cinderace|Pyro Ball|p2a: Skeledirge|[miss]
|-miss|p1a: Cinderace|p2a: Skeledirge
|move|p2a: Skeledirge|Hex|p1a: Cinderace
|-damage|p1a: Cinderace|12/100
|
|-weather|none
|turn|45
|-message|goodalakazam forfeited.
|
|win|Granny Pie
