|poke|p1|Indeedee, M|
|poke|p1|Hatterene, F|
|poke|p1|Polteageist|
|poke|p1|Armarouge, F|
|poke|p1|Sneasler, M|
|poke|p1|Hawlucha, F|
|poke|p2|Ursaluna, F|
|poke|p2|Rillaboom, M|
|poke|p2|Sneasler, F|
|poke|p2|Hatterene, F|
|poke|p2|Skeledirge, F|
|poke|p2|Zamazenta-*|
|teampreview
|
|start
|switch|p1a: Indeedee|Indeedee, M|100/100
|switch|p2a: Metro|Rillaboom, M|100/100
|-fieldstart|move: Psychic Terrain|[from] ability: Psychic Surge|[of] p1a: Indeedee
|-fieldstart|move: Grassy Terrain|[from] ability: Grassy Surge|[of] p2a: Metro
|turn|1
|
|switch|p1a: Armarouge|Armarouge, F|100/100
|move|p2a: Metro|U-turn|p1a: Armarouge
|-damage|p1a: Armarouge|72/100
|-ability|p1a: Armarouge|Weak Armor|boost
|-unboost|p1a: Armarouge|def|1
|-boost|p1a: Armarouge|spe|2
|
|switch|p2a: Hercules No Thug|Sneasler, F|100/100|[from] U-turn
|-enditem|p2a: Hercules No Thug|Grassy Seed
|-boost|p2a: Hercules No Thug|def|1|[from] item: Grassy Seed
|
|-heal|p1a: Armarouge|78/100|[from] Grassy Terrain
|turn|2
|
|-terastallize|p2a: Hercules No Thug|Flying
|move|p1a: Armarouge|Endure|p1a: Armarouge
|-singleturn|p1a: Armarouge|move: Endure
|move|p2a: Hercules No Thug|Swords Dance|p2a: Hercules No Thug
|-boost|p2a: Hercules No Thug|atk|2
|
|-heal|p1a: Armarouge|84/100|[from] Grassy Terrain
|turn|3
|-message|meowscaradalead forfeited.
|
|win|jiwan
