# advantage = p2
|poke|p1|Landorus-Therian, M|
|poke|p1|Magearna|
|poke|p1|Samurott-Hisui, F|
|poke|p1|Gholdengo|
|poke|p1|Great Tusk|
|poke|p1|Dragapult, M|
|poke|p2|Great Tusk|
|poke|p2|Baxcalibur, M|
|poke|p2|Iron Moth|
|poke|p2|Dragapult, M|
|poke|p2|Magearna|
|poke|p2|Zapdos|
|teampreview
|
|start
|switch|p1a: Landorus|Landorus-Therian, M|100/100
|switch|p2a: Dragapult|Dragapult, M|100/100
|-ability|p1a: Landorus|Intimidate|boost
|-unboost|p2a: Dragapult|atk|1
|turn|1
|
|switch|p2a: Zapdos|Zapdos|100/100
|move|p1a: Landorus|U-turn|p2a: Zapdos
|-resisted|p2a: Zapdos
|-damage|p2a: Zapdos|90/100
|
|switch|p1a: Great Tusk|Great Tusk|100/100|[from] U-turn
|
|turn|2
|
|move|p1a: Great Tusk|Stealth Rock|p2a: Zapdos
|-sidestart|p2: p2|move: Stealth Rock
|move|p2a: Zapdos|U-turn|p1a: Great Tusk
|-resisted|p1a: Great Tusk
|-damage|p1a: Great Tusk|97/100
|-damage|p2a: Zapdos|74/100|[from] item: Rocky Helmet|[of] p1a: Great Tusk
|
|switch|p2a: Dragapult|Dragapult, M|100/100|[from] U-turn
|-damage|p2a: Dragapult|88/100|[from] Stealth Rock
|
|turn|3
|
|-end|p1a: Great Tusk|Protosynthesis|[silent]
|switch|p1a: Magearna|Magearna|100/100
|move|p2a: Dragapult|U-turn|p1a: Magearna
|-resisted|p1a: Magearna
|-damage|p1a: Magearna|98/100
|
|switch|p2a: Iron Moth|Iron Moth|100/100|[from] U-turn
|-enditem|p2a: Iron Moth|Booster Energy
|-activate|p2a: Iron Moth|ability: Quark Drive|[fromitem]
|-start|p2a: Iron Moth|quarkdrivespa
|-damage|p2a: Iron Moth|76/100|[from] Stealth Rock
|
|-heal|p1a: Magearna|100/100|[from] item: Leftovers
|turn|4
|
|move|p2a: Iron Moth|Fiery Dance|p1a: Magearna
|-supereffective|p1a: Magearna
|-damage|p1a: Magearna|0 fnt
|faint|p1a: Magearna
|
|
|switch|p1a: Landorus|Landorus-Therian, M|100/100
|-ability|p1a: Landorus|Intimidate|boost
|-unboost|p2a: Iron Moth|atk|1
|turn|5
|
|-end|p2a: Iron Moth|Quark Drive|[silent]
|switch|p2a: Zapdos|Zapdos|74/100
|move|p1a: Landorus|Stone Edge|p2a: Zapdos
|-supereffective|p2a: Zapdos
|-damage|p2a: Zapdos|14/100
|
|turn|6
|
|switch|p1a: Great Tusk|Great Tusk|97/100
|move|p2a: Zapdos|Roost|p2a: Zapdos
|-heal|p2a: Zapdos|64/100
|-singleturn|p2a: Zapdos|move: Roost
|
|turn|7
|
|move|p1a: Great Tusk|Knock Off|p2a: Zapdos
|-damage|p2a: Zapdos|42/100
|-enditem|p2a: Zapdos|Heavy-Duty Boots|[from] move: Knock Off|[of] p1a: Great Tusk
|move|p2a: Zapdos|U-turn|p1a: Great Tusk
|-resisted|p1a: Great Tusk
|-damage|p1a: Great Tusk|92/100
|-damage|p2a: Zapdos|26/100|[from] item: Rocky Helmet|[of] p1a: Great Tusk
|
|switch|p2a: Great Tusk|Great Tusk|100/100|[from] U-turn
|-damage|p2a: Great Tusk|98/100|[from] Stealth Rock
|
|-heal|p2a: Great Tusk|100/100|[from] item: Leftovers
|turn|8
|
|move|p2a: Great Tusk|Ice Spinner|p1a: Great Tusk
|-supereffective|p1a: Great Tusk
|-damage|p1a: Great Tusk|57/100
|-damage|p2a: Great Tusk|84/100|[from] item: Rocky Helmet|[of] p1a: Great Tusk
|move|p1a: Great Tusk|Earthquake|p2a: Great Tusk
|-damage|p2a: Great Tusk|52/100
|
|-heal|p2a: Great Tusk|58/100|[from] item: Leftovers
|turn|9
|
|-end|p1a: Great Tusk|Protosynthesis|[silent]
|switch|p1a: Landorus|Landorus-Therian, M|100/100
|-ability|p1a: Landorus|Intimidate|boost
|-unboost|p2a: Great Tusk|atk|1
|move|p2a: Great Tusk|Rapid Spin|p1a: Landorus
|-damage|p1a: Landorus|87/100
|-boost|p2a: Great Tusk|spe|1
|-sideend|p2: p2|Stealth Rock|[from] move: Rapid Spin|[of] p2a: Great Tusk
|
|-heal|p2a: Great Tusk|64/100|[from] item: Leftovers
|turn|10
|
|-end|p2a: Great Tusk|Protosynthesis|[silent]
|switch|p2a: Zapdos|Zapdos|26/100
|move|p1a: Landorus|Earthquake|p2a: Zapdos
|-immune|p2a: Zapdos
|
|turn|11
|
|switch|p1a: Dragapult|Dragapult, M|100/100
|move|p2a: Zapdos|Roost|p2a: Zapdos
|-heal|p2a: Zapdos|76/100
|-singleturn|p2a: Zapdos|move: Roost
|
|turn|12
|
|move|p1a: Dragapult|Shadow Ball|p2a: Zapdos
|-damage|p2a: Zapdos|32/100
|move|p2a: Zapdos|U-turn|p1a: Dragapult
|-resisted|p1a: Dragapult
|-damage|p1a: Dragapult|91/100
|
|switch|p2a: Baxcalibur|Baxcalibur, M|100/100|[from] U-turn
|
|turn|13
|
|switch|p1a: Gholdengo|Gholdengo|100/100
|move|p2a: Baxcalibur|Dragon Dance|p2a: Baxcalibur
|-boost|p2a: Baxcalibur|atk|1
|-boost|p2a: Baxcalibur|spe|1
|
|turn|14
|
|move|p2a: Baxcalibur|Earthquake|p1a: Gholdengo
|-supereffective|p1a: Gholdengo
|-damage|p1a: Gholdengo|0 fnt
|faint|p1a: Gholdengo
|
|
|switch|p1a: Landorus|Landorus-Therian, M|87/100
|-ability|p1a: Landorus|Intimidate|boost
|-unboost|p2a: Baxcalibur|atk|1
|turn|15
|
|switch|p1a: Samurott|Samurott-Hisui, F, shiny|100/100
|move|p2a: Baxcalibur|Dragon Dance|p2a: Baxcalibur
|-boost|p2a: Baxcalibur|atk|1
|-boost|p2a: Baxcalibur|spe|1
|
|turn|16
|
|switch|p1a: Landorus|Landorus-Therian, M|87/100
|-ability|p1a: Landorus|Intimidate|boost
|-unboost|p2a: Baxcalibur|atk|1
|-terastallize|p2a: Baxcalibur|Ground
|move|p2a: Baxcalibur|Earthquake|p1a: Landorus
|-immune|p1a: Landorus
|
|turn|17
|
|move|p2a: Baxcalibur|Dragon Dance|p2a: Baxcalibur
|-boost|p2a: Baxcalibur|atk|1
|-boost|p2a: Baxcalibur|spe|1
|move|p1a: Landorus|U-turn|p2a: Baxcalibur
|-damage|p2a: Baxcalibur|74/100
|
|switch|p1a: Samurott|Samurott-Hisui, F, shiny|100/100|[from] U-turn
|
|turn|18
|
|move|p2a: Baxcalibur|Earthquake|p1a: Samurott
|-damage|p1a: Samurott|0 fnt
|faint|p1a: Samurott
|
|
|switch|p1a: Landorus|Landorus-Therian, M|87/100
|-ability|p1a: Landorus|Intimidate|boost
|-unboost|p2a: Baxcalibur|atk|1
|turn|19
|
|move|p2a: Baxcalibur|Icicle Spear|p1a: Landorus
|-supereffective|p1a: Landorus
|-damage|p1a: Landorus|22/100
|-supereffective|p1a: Landorus
|-damage|p1a: Landorus|0 fnt
|faint|p1a: Landorus
|-hitcount|p1: Landorus|2
|
|-message|p1 forfeited.
|
|win|p2
