# advantage = p2
|poke|p1|Glastrier|
|poke|p1|Magearna|
|poke|p1|Cresselia, F|
|poke|p1|Ursaluna, M|
|poke|p1|Kingambit, F|
|poke|p1|Slowking-Galar, F|
|poke|p2|Samurott-Hisui, F|
|poke|p2|Dragapult, F|
|poke|p2|Sneasler, F|
|poke|p2|Magearna|
|poke|p2|Volcarona, F|
|poke|p2|Zamazenta-*|
|teampreview
|
|start
|switch|p1a: Magearna|Magearna|100/100
|switch|p2a: Samurott|Samurott-Hisui, F|100/100
|turn|1
|
|move|p2a: Samurott|Taunt|p1a: Magearna
|-start|p1a: Magearna|move: Taunt
|move|p1a: Magearna|Fleur Cannon|p2a: Samurott
|-supereffective|p2a: Samurott
|-enditem|p2a: Samurott|Focus Sash
|-damage|p2a: Samurott|1/100
|-unboost|p1a: Magearna|spa|2
|-enditem|p1a: Magearna|Eject Pack
|
|switch|p1a: Cresselia|Cresselia, F|100/100
|
|turn|2
|
|switch|p2a: Magearna|Magearna|100/100
|move|p1a: Cresselia|Ice Beam|p2a: Magearna
|-resisted|p2a: Magearna
|-damage|p2a: Magearna|93/100
|
|-heal|p2a: Magearna|99/100|[from] item: Leftovers
|turn|3
|
|move|p2a: Magearna|Iron Defense|p2a: Magearna
|-boost|p2a: Magearna|def|2
|move|p1a: Cresselia|Trick Room|p1a: Cresselia
|-fieldstart|move: Trick Room|[of] p1a: Cresselia
|
|-heal|p2a: Magearna|100/100|[from] item: Leftovers
|turn|4
|
|switch|p1a: Ursaluna|Ursaluna, M|100/100
|move|p2a: Magearna|Calm Mind|p2a: Magearna
|-boost|p2a: Magearna|spa|1
|-boost|p2a: Magearna|spd|1
|
|-status|p1a: Ursaluna|brn|[from] item: Flame Orb
|turn|5
|
|-terastallize|p2a: Magearna|Water
|move|p1a: Ursaluna|Earthquake|p2a: Magearna
|-damage|p2a: Magearna|64/100
|move|p2a: Magearna|Iron Defense|p2a: Magearna
|-boost|p2a: Magearna|def|2
|
|-heal|p2a: Magearna|70/100|[from] item: Leftovers
|-damage|p1a: Ursaluna|94/100 brn|[from] brn
|turn|6
|
|switch|p1a: Kingambit|Kingambit, F|100/100
|move|p2a: Magearna|Draining Kiss|p1a: Kingambit
|-damage|p1a: Kingambit|71/100
|-heal|p2a: Magearna|94/100|[from] drain|[of] p1a: Kingambit
|
|-heal|p1a: Kingambit|78/100|[from] item: Leftovers
|-heal|p2a: Magearna|99/100|[from] item: Leftovers
|turn|7
|
|move|p1a: Kingambit|Swords Dance|p1a: Kingambit
|-boost|p1a: Kingambit|atk|2
|move|p2a: Magearna|Calm Mind|p2a: Magearna
|-boost|p2a: Magearna|spa|1
|-boost|p2a: Magearna|spd|1
|
|-heal|p1a: Kingambit|84/100|[from] item: Leftovers
|-heal|p2a: Magearna|100/100|[from] item: Leftovers
|-fieldend|move: Trick Room
|turn|8
|
|move|p2a: Magearna|Draining Kiss|p1a: Kingambit
|-damage|p1a: Kingambit|41/100
|move|p1a: Kingambit|Kowtow Cleave|p2a: Magearna
|-damage|p2a: Magearna|74/100
|
|-heal|p2a: Magearna|80/100|[from] item: Leftovers
|-heal|p1a: Kingambit|47/100|[from] item: Leftovers
|turn|9
|
|move|p2a: Magearna|Draining Kiss|p1a: Kingambit
|-damage|p1a: Kingambit|4/100
|-heal|p2a: Magearna|100/100|[from] drain|[of] p1a: Kingambit
|move|p1a: Kingambit|Kowtow Cleave|p2a: Magearna
|-damage|p2a: Magearna|77/100
|
|-heal|p2a: Magearna|83/100|[from] item: Leftovers
|-heal|p1a: Kingambit|11/100|[from] item: Leftovers
|turn|10
|
|move|p1a: Kingambit|Sucker Punch||[still]
|-fail|p1a: Kingambit
|move|p2a: Magearna|Iron Defense|p2a: Magearna
|-boost|p2a: Magearna|def|2
|
|-heal|p2a: Magearna|89/100|[from] item: Leftovers
|-heal|p1a: Kingambit|17/100|[from] item: Leftovers
|turn|11
|
|move|p2a: Magearna|Draining Kiss|p1a: Kingambit
|-damage|p1a: Kingambit|0 fnt
|-heal|p2a: Magearna|100/100|[from] drain|[of] p1a: Kingambit
|faint|p1a: Kingambit
|-ability|p2a: Magearna|Soul-Heart|boost
|-boost|p2a: Magearna|spa|1
|-end|p1a: Kingambit|fallenundefined|[silent]
|
|
|switch|p1a: Magearna|Magearna|100/100
|turn|12
|
|move|p2a: Magearna|Stored Power|p1a: Magearna
|-resisted|p1a: Magearna
|-damage|p1a: Magearna|31/100
|move|p1a: Magearna|Trick Room|p1a: Magearna
|-fieldstart|move: Trick Room|[of] p1a: Magearna
|
|turn|13
|
|move|p1a: Magearna|Thunderbolt|p2a: Magearna
|-supereffective|p2a: Magearna
|-damage|p2a: Magearna|71/100
|move|p2a: Magearna|Calm Mind|p2a: Magearna
|-boost|p2a: Magearna|spa|1
|-boost|p2a: Magearna|spd|1
|
|-heal|p2a: Magearna|77/100|[from] item: Leftovers
|turn|14
|
|move|p1a: Magearna|Thunderbolt|p2a: Magearna
|-supereffective|p2a: Magearna
|-damage|p2a: Magearna|52/100
|-status|p2a: Magearna|par
|move|p2a: Magearna|Stored Power|p1a: Magearna
|-resisted|p1a: Magearna
|-damage|p1a: Magearna|0 fnt
|faint|p1a: Magearna
|-ability|p2a: Magearna|Soul-Heart|boost
|-boost|p2a: Magearna|spa|1
|
|-heal|p2a: Magearna|58/100 par|[from] item: Leftovers
|player|p2|
|player|p2|p2|1
|
|switch|p1a: Ursaluna|Ursaluna, M|94/100 brn
|turn|15
|
|-terastallize|p1a: Ursaluna|Normal
|move|p1a: Ursaluna|Facade|p2a: Magearna
|-damage|p2a: Magearna|24/100 par
|move|p2a: Magearna|Draining Kiss|p1a: Ursaluna
|-damage|p1a: Ursaluna|33/100 brn
|-heal|p2a: Magearna|83/100 par|[from] drain|[of] p1a: Ursaluna
|
|-heal|p2a: Magearna|89/100 par|[from] item: Leftovers
|-damage|p1a: Ursaluna|27/100 brn|[from] brn
|turn|16
|
|move|p1a: Ursaluna|Facade|p2a: Magearna
|-damage|p2a: Magearna|58/100 par
|move|p2a: Magearna|Draining Kiss|p1a: Ursaluna
|-damage|p1a: Ursaluna|0 fnt
|-heal|p2a: Magearna|83/100 par|[from] drain|[of] p1a: Ursaluna
|faint|p1a: Ursaluna
|-ability|p2a: Magearna|Soul-Heart|boost
|-boost|p2a: Magearna|spa|1
|
|-heal|p2a: Magearna|89/100 par|[from] item: Leftovers
|-fieldend|move: Trick Room
|-message|p1 forfeited.
|
|win|p2
|player|p2|p2|1
|player|p1|p1|iono
