|poke|p1|Pelipper, M|
|poke|p1|Basculegion, M|
|poke|p1|Thundurus-Therian, M|
|poke|p1|Tornadus, M|
|poke|p1|Overqwil, F|
|poke|p1|Urshifu-*, M|
|poke|p2|Enamorus, F|
|poke|p2|Goodra-Hisui, F|
|poke|p2|Dragapult, F|
|poke|p2|Sneasler, M|
|poke|p2|Great Tusk|
|poke|p2|Zamazenta-*|
|teampreview
|
|start
|switch|p1a: Tornadus|Tornadus, M|100/100
|switch|p2a: Dragapult|Dragapult, F|100/100
|turn|1
|
|move|p1a: Tornadus|Taunt|p2a: Dragapult
|-start|p2a: Dragapult|move: Taunt
|cant|p2a: Dragapult|move: Taunt|Will-O-Wisp
|
|turn|2
|
|switch|p1a: Pelipper|Pelipper, M|100/100
|-weather|RainDance|[from] ability: Drizzle|[of] p1a: Pelipper
|move|p2a: Dragapult|Shadow Ball|p1a: Pelipper
|-damage|p1a: Pelipper|36/100
|-damage|p2a: Dragapult|91/100|[from] item: Life Orb
|
|-weather|RainDance|[upkeep]
|turn|3
|
|switch|p1a: Overqwil|Overqwil, F|100/100
|move|p2a: Dragapult|Shadow Ball|p1a: Overqwil
|-resisted|p1a: Overqwil
|-damage|p1a: Overqwil|78/100
|-unboost|p1a: Overqwil|spd|1
|-damage|p2a: Dragapult|81/100|[from] item: Life Orb
|
|-weather|RainDance|[upkeep]
|-end|p2a: Dragapult|move: Taunt
|turn|4
|
|move|p1a: Overqwil|Crunch|p2a: Dragapult
|-supereffective|p2a: Dragapult
|-damage|p2a: Dragapult|0 fnt
|faint|p2a: Dragapult
|
|-weather|RainDance|[upkeep]
|
|switch|p2a: Great Tusk|Great Tusk|100/100
|turn|5
|
|switch|p1a: Tornadus|Tornadus, M|100/100
|move|p2a: Great Tusk|Headlong Rush|p1a: Tornadus
|-immune|p1a: Tornadus
|
|-weather|RainDance|[upkeep]
|turn|6
|
|move|p1a: Tornadus|Bleakwind Storm|p2a: Great Tusk
|-supereffective|p2a: Great Tusk
|-damage|p2a: Great Tusk|0 fnt
|faint|p2a: Great Tusk
|-end|p2a: Great Tusk|Protosynthesis|[silent]
|
|-weather|RainDance|[upkeep]
|
|switch|p2a: Goodra|Goodra-Hisui, F|100/100
|turn|7
|
|move|p1a: Tornadus|Tailwind|p1a: Tornadus
|-sidestart|p1: p1|move: Tailwind
|move|p2a: Goodra|Thunderbolt|p1a: Tornadus
|-supereffective|p1a: Tornadus
|-damage|p1a: Tornadus|14/100
|
|-weather|RainDance|[upkeep]
|turn|8
|
|switch|p1a: Thundurus|Thundurus-Therian, M|100/100
|move|p2a: Goodra|Thunderbolt|p1a: Thundurus
|-immune|p1a: Thundurus|[from] ability: Volt Absorb
|
|-weather|RainDance|[upkeep]
|turn|9
|
|move|p1a: Thundurus|Thunder|p2a: Goodra
|-resisted|p2a: Goodra
|-damage|p2a: Goodra|83/100
|-damage|p1a: Thundurus|91/100|[from] item: Life Orb
|move|p2a: Goodra|Draco Meteor|p1a: Thundurus|[miss]
|-miss|p2a: Goodra|p1a: Thundurus
|
|-weather|none
|turn|10
|
|switch|p1a: Urshifu|Urshifu-Rapid-Strike, M|100/100
|move|p2a: Goodra|Draco Meteor|p1a: Urshifu
|-damage|p1a: Urshifu|9/100
|-unboost|p2a: Goodra|spa|2
|
|-sideend|p1: p1|move: Tailwind
|turn|11
|
|move|p1a: Urshifu|Close Combat|p2a: Goodra
|-supereffective|p2a: Goodra
|-damage|p2a: Goodra|0 fnt
|-unboost|p1a: Urshifu|def|1
|-unboost|p1a: Urshifu|spd|1
|-ability|p2a: Goodra|Gooey
|-unboost|p1a: Urshifu|spe|1
|faint|p2a: Goodra
|
|
|switch|p2a: Enamorus|Enamorus, F|100/100
|turn|12
|
|switch|p1a: Thundurus|Thundurus-Therian, M|91/100
|move|p2a: Enamorus|Superpower|p1a: Thundurus
|-resisted|p1a: Thundurus
|-damage|p1a: Thundurus|60/100
|-boost|p2a: Enamorus|atk|1
|-boost|p2a: Enamorus|def|1
|
|turn|13
|
|move|p2a: Enamorus|Superpower|p1a: Thundurus
|-resisted|p1a: Thundurus
|-damage|p1a: Thundurus|18/100
|-boost|p2a: Enamorus|atk|1
|-boost|p2a: Enamorus|def|1
|move|p1a: Thundurus|Wildbolt Storm|p2a: Enamorus
|-supereffective|p2a: Enamorus
|-damage|p2a: Enamorus|0 fnt
|faint|p2a: Enamorus
|-damage|p1a: Thundurus|8/100|[from] item: Life Orb
|
|
|switch|p2a: Sneasler|Sneasler, M|100/100
|turn|14
|
|switch|p1a: Pelipper|Pelipper, M|36/100
|-weather|RainDance|[from] ability: Drizzle|[of] p1a: Pelipper
|move|p2a: Sneasler|Dire Claw|p1a: Pelipper
|-damage|p1a: Pelipper|0 fnt
|faint|p1a: Pelipper
|-damage|p2a: Sneasler|91/100|[from] item: Life Orb
|
|-weather|RainDance|[upkeep]
|
|switch|p1a: Basculegion|Basculegion, M|100/100
|turn|15
|
|move|p1a: Basculegion|Wave Crash|p2a: Sneasler
|-damage|p2a: Sneasler|0 fnt
|faint|p2a: Sneasler
|-damage|p1a: Basculegion|77/100|[from] Recoil
|
|-weather|RainDance|[upkeep]
|-message|p2 forfeited.
|
|win|p1
