|poke|p1|Grimmsnarl, M|
|poke|p1|Ursaluna, F|
|poke|p1|Great Tusk|
|poke|p1|Delphox, M|
|poke|p1|Rotom-Wash|
|poke|p1|Tornadus, M|
|poke|p2|Typhlosion-Hisui, M|
|poke|p2|Gholdengo|
|poke|p2|Arboliva, F|
|poke|p2|Umbreon, M|
|poke|p2|Baxcalibur, M|
|poke|p2|Kleavor, F|
|teampreview
|
|start
|switch|p1a: Grimmsnarl|Grimmsnarl, M, shiny|100/100
|switch|p2a: Kleavor|Kleavor, F|100/100
|turn|1
|
|move|p1a: Grimmsnarl|Reflect|p1a: Grimmsnarl
|-sidestart|p1: p1|Reflect
|move|p2a: Kleavor|Stone Axe|p1a: Grimmsnarl
|-damage|p1a: Grimmsnarl|68/100
|-sidestart|p1: p1|move: Stealth Rock
|
|turn|2
|
|move|p1a: Grimmsnarl|Light Screen|p1a: Grimmsnarl
|-sidestart|p1: p1|move: Light Screen
|move|p2a: Kleavor|U-turn|p1a: Grimmsnarl
|-damage|p1a: Grimmsnarl|42/100
|
|switch|p2a: Gholdengo|Gholdengo|100/100|[from] U-turn
|
|turn|3
|
|move|p1a: Grimmsnarl|Parting Shot|p2a: Gholdengo
|-immune|p2a: Gholdengo|[from] ability: Good as Gold
|move|p2a: Gholdengo|Make It Rain|p1a: Grimmsnarl
|-supereffective|p1a: Grimmsnarl
|-damage|p1a: Grimmsnarl|0 fnt
|-unboost|p2a: Gholdengo|spa|1
|faint|p1a: Grimmsnarl
|-damage|p2a: Gholdengo|91/100|[from] item: Life Orb
|
|
|switch|p1a: Great Tusk|Great Tusk, shiny|100/100
|-damage|p1a: Great Tusk|98/100|[from] Stealth Rock
|-enditem|p1a: Great Tusk|Booster Energy
|-activate|p1a: Great Tusk|ability: Protosynthesis|[fromitem]
|-start|p1a: Great Tusk|protosynthesisatk
|turn|4
|
|switch|p2a: Arboliva|Arboliva, F|100/100
|move|p1a: Great Tusk|Knock Off|p2a: Arboliva
|-damage|p2a: Arboliva|54/100
|-enditem|p2a: Arboliva|Sitrus Berry|[from] move: Knock Off|[of] p1a: Great Tusk
|
|turn|5
|
|move|p1a: Great Tusk|Rapid Spin|p2a: Arboliva
|-damage|p2a: Arboliva|28/100
|-boost|p1a: Great Tusk|spe|1
|-sideend|p1: p1|Stealth Rock|[from] move: Rapid Spin|[of] p1a: Great Tusk
|move|p2a: Arboliva|Strength Sap|p1a: Great Tusk
|-unboost|p1a: Great Tusk|atk|1
|-heal|p2a: Arboliva|100/100
|
|turn|6
|
|move|p1a: Great Tusk|Stealth Rock|p2a: Arboliva
|-sidestart|p2: p2|move: Stealth Rock
|move|p2a: Arboliva|Giga Drain|p1a: Great Tusk
|-supereffective|p1a: Great Tusk
|-damage|p1a: Great Tusk|52/100
|
|turn|7
|
|-end|p1a: Great Tusk|Protosynthesis|[silent]
|switch|p1a: Tornadus|Tornadus, M, shiny|100/100
|move|p2a: Arboliva|Giga Drain|p1a: Tornadus
|-resisted|p1a: Tornadus
|-damage|p1a: Tornadus|90/100
|
|turn|8
|
|switch|p2a: Kleavor|Kleavor, F|100/100
|-damage|p2a: Kleavor|76/100|[from] Stealth Rock
|move|p1a: Tornadus|Taunt|p2a: Kleavor
|-start|p2a: Kleavor|move: Taunt
|
|-sideend|p1: p1|Reflect
|turn|9
|
|move|p1a: Tornadus|Tailwind|p1a: Tornadus
|-sidestart|p1: p1|move: Tailwind
|move|p2a: Kleavor|Stone Axe|p1a: Tornadus
|-supereffective|p1a: Tornadus
|-damage|p1a: Tornadus|0 fnt
|-sidestart|p1: p1|move: Stealth Rock
|faint|p1a: Tornadus
|
|-sideend|p1: p1|move: Light Screen
|
|switch|p1a: Rotom|Rotom-Wash, shiny|100/100
|-damage|p1a: Rotom|88/100|[from] Stealth Rock
|turn|10
|
|move|p1a: Rotom|Hydro Pump|p2a: Kleavor
|-supereffective|p2a: Kleavor
|-damage|p2a: Kleavor|0 fnt
|faint|p2a: Kleavor
|
|-heal|p1a: Rotom|94/100|[from] item: Leftovers
|
|switch|p2a: Baxcalibur|Baxcalibur, M|100/100
|-damage|p2a: Baxcalibur|76/100|[from] Stealth Rock
|turn|11
|
|move|p1a: Rotom|Will-O-Wisp|p2a: Baxcalibur
|-immune|p2a: Baxcalibur|[from] ability: Thermal Exchange
|move|p2a: Baxcalibur|Earthquake|p1a: Rotom
|-immune|p1a: Rotom|[from] ability: Levitate
|
|-heal|p1a: Rotom|100/100|[from] item: Leftovers
|turn|12
|
|-terastallize|p2a: Baxcalibur|Dragon
|move|p1a: Rotom|Volt Switch|p2a: Baxcalibur
|-resisted|p2a: Baxcalibur
|-damage|p2a: Baxcalibur|60/100
|
|switch|p1a: Great Tusk|Great Tusk, shiny|52/100|[from] Volt Switch
|-damage|p1a: Great Tusk|49/100|[from] Stealth Rock
|move|p2a: Baxcalibur|Glaive Rush|p1a: Great Tusk
|-damage|p1a: Great Tusk|0 fnt
|-singlemove|p2a: Baxcalibur|Glaive Rush|[silent]
|faint|p1a: Great Tusk
|-end|p1a: Great Tusk|Protosynthesis|[silent]
|
|-sideend|p1: p1|move: Tailwind
|
|switch|p1a: Delphox|Delphox, M, shiny|100/100
|-damage|p1a: Delphox|76/100|[from] Stealth Rock
|turn|13
|
|move|p1a: Delphox|Dazzling Gleam|p2a: Baxcalibur
|-supereffective|p2a: Baxcalibur
|-damage|p2a: Baxcalibur|0 fnt
|faint|p2a: Baxcalibur
|
|
|switch|p2a: Umbreon|Umbreon, M, shiny|100/100
|-damage|p2a: Umbreon|88/100|[from] Stealth Rock
|turn|14
|
|-terastallize|p1a: Delphox|Grass
|move|p1a: Delphox|Calm Mind|p1a: Delphox
|-boost|p1a: Delphox|spa|1
|-boost|p1a: Delphox|spd|1
|move|p2a: Umbreon|Light Screen|p2a: Umbreon
|-sidestart|p2: p2|move: Light Screen
|
|turn|15
|
|move|p1a: Delphox|Calm Mind|p1a: Delphox
|-boost|p1a: Delphox|spa|1
|-boost|p1a: Delphox|spd|1
|move|p2a: Umbreon|Thunder Wave|p1a: Delphox
|-status|p1a: Delphox|par
|
|turn|16
|
|switch|p2a: Typhlosion|Typhlosion-Hisui, M, shiny|100/100
|-damage|p2a: Typhlosion|76/100|[from] Stealth Rock
|move|p1a: Delphox|Dazzling Gleam|p2a: Typhlosion
|-resisted|p2a: Typhlosion
|-damage|p2a: Typhlosion|60/100
|
|turn|17
|
|move|p2a: Typhlosion|Lava Plume|p1a: Delphox
|-supereffective|p1a: Delphox
|-damage|p1a: Delphox|26/100 par
|-enditem|p1a: Delphox|Weakness Policy
|-boost|p1a: Delphox|atk|2|[from] item: Weakness Policy
|-boost|p1a: Delphox|spa|2|[from] item: Weakness Policy
|move|p1a: Delphox|Dazzling Gleam|p2a: Typhlosion
|-resisted|p2a: Typhlosion
|-damage|p2a: Typhlosion|39/100
|-item|p1a: Delphox|Choice Scarf|[from] ability: Magician|[of] p2a: Typhlosion
|
|turn|18
|
|move|p1a: Delphox|Stored Power|p2a: Typhlosion
|-damage|p2a: Typhlosion|0 fnt
|faint|p2a: Typhlosion
|
|
|switch|p2a: Gholdengo|Gholdengo|91/100
|-damage|p2a: Gholdengo|85/100|[from] Stealth Rock
|turn|19
|
|cant|p1a: Delphox|par
|move|p2a: Gholdengo|Shadow Ball|p1a: Delphox
|-damage|p1a: Delphox|0 fnt
|faint|p1a: Delphox
|-damage|p2a: Gholdengo|75/100|[from] item: Life Orb
|
|
|switch|p1a: Ursaluna|Ursaluna, F, shiny|100/100
|-damage|p1a: Ursaluna|94/100|[from] Stealth Rock
|turn|20
|
|move|p2a: Gholdengo|Make It Rain|p1a: Ursaluna
|-damage|p1a: Ursaluna|18/100
|-unboost|p2a: Gholdengo|spa|1
|-damage|p2a: Gholdengo|65/100|[from] item: Life Orb
|move|p1a: Ursaluna|Headlong Rush|p2a: Gholdengo
|-supereffective|p2a: Gholdengo
|-damage|p2a: Gholdengo|0 fnt
|-unboost|p1a: Ursaluna|def|1
|-unboost|p1a: Ursaluna|spd|1
|faint|p2a: Gholdengo
|
|-status|p1a: Ursaluna|brn|[from] item: Flame Orb
|
|switch|p2a: Umbreon|Umbreon, M, shiny|88/100
|-damage|p2a: Umbreon|76/100|[from] Stealth Rock
|turn|21
|
|move|p2a: Umbreon|Reflect|p2a: Umbreon
|-sidestart|p2: p2|Reflect
|move|p1a: Ursaluna|Facade|p2a: Umbreon
|-damage|p2a: Umbreon|27/100
|
|-damage|p1a: Ursaluna|12/100 brn|[from] brn
|-sideend|p2: p2|move: Light Screen
|turn|22
|
|move|p2a: Umbreon|Crunch|p1a: Ursaluna
|-damage|p1a: Ursaluna|0 fnt
|faint|p1a: Ursaluna
|
|
|switch|p1a: Rotom|Rotom-Wash, shiny|100/100
|-damage|p1a: Rotom|88/100|[from] Stealth Rock
|turn|23
|
|move|p1a: Rotom|Volt Switch|p2a: Umbreon
|-damage|p2a: Umbreon|10/100
|move|p2a: Umbreon|Crunch|p1a: Rotom
|-damage|p1a: Rotom|61/100
|
|-heal|p1a: Rotom|67/100|[from] item: Leftovers
|turn|24
|
|move|p1a: Rotom|Volt Switch|p2a: Umbreon
|-damage|p2a: Umbreon|0 fnt
|faint|p2a: Umbreon
|
|-heal|p1a: Rotom|73/100|[from] item: Leftovers
|
|switch|p2a: Arboliva|Arboliva, F|100/100
|-damage|p2a: Arboliva|88/100|[from] Stealth Rock
|turn|25
|
|move|p1a: Rotom|Thunderbolt|p2a: Arboliva
|-resisted|p2a: Arboliva
|-damage|p2a: Arboliva|75/100
|move|p2a: Arboliva|Giga Drain|p1a: Rotom
|-supereffective|p1a: Rotom
|-damage|p1a: Rotom|0 fnt
|-heal|p2a: Arboliva|99/100|[from] drain|[of] p1a: Rotom
|faint|p1a: Rotom
|
|win|p2
