# advantage = p2
|poke|p1|Zamazenta-*|
|poke|p1|Landorus-Therian, M|
|poke|p1|Chien-Pao|
|poke|p1|Ursaluna, F|
|poke|p1|Heatran, F|
|poke|p1|Toxapex, F|
|poke|p2|Magnezone|
|poke|p2|Braviary-Hisui, M|
|poke|p2|Cinderace, M|
|poke|p2|Enamorus, F|
|poke|p2|Landorus-Therian, M|
|poke|p2|Urshifu-*, F|
|teampreview
|
|start
|switch|p1a: Counterplay|Heatran, F|100/100
|switch|p2a: Yungeen Ace|Cinderace, M|100/100
|turn|1
|
|move|p2a: Yungeen Ace|U-turn|p1a: Counterplay
|-start|p2a: Yungeen Ace|typechange|Bug|[from] ability: Libero
|-resisted|p1a: Counterplay
|-damage|p1a: Counterplay|97/100
|
|switch|p2a: Landorus|Landorus-Therian, M|100/100|[from] U-turn
|-ability|p2a: Landorus|Intimidate|boost
|-unboost|p1a: Counterplay|atk|1
|move|p1a: Counterplay|Stealth Rock|p2a: Landorus
|-sidestart|p2: p2|move: Stealth Rock
|
|-heal|p1a: Counterplay|100/100|[from] item: Leftovers
|turn|2
|
|move|p2a: Landorus|U-turn|p1a: Counterplay
|-resisted|p1a: Counterplay
|-damage|p1a: Counterplay|97/100
|
|switch|p2a: Yungeen Ace|Cinderace, M|100/100|[from] U-turn
|move|p1a: Counterplay|Magma Storm|p2a: Yungeen Ace
|-resisted|p2a: Yungeen Ace
|-damage|p2a: Yungeen Ace|74/100
|-activate|p2a: Yungeen Ace|move: Magma Storm|[of] p1a: Counterplay
|
|-heal|p1a: Counterplay|100/100|[from] item: Leftovers
|-damage|p2a: Yungeen Ace|62/100|[from] move: Magma Storm|[partiallytrapped]
|turn|3
|
|move|p1a: Counterplay|Protect|p1a: Counterplay
|-singleturn|p1a: Counterplay|Protect
|move|p2a: Yungeen Ace|Court Change|p2a: Yungeen Ace
|-start|p2a: Yungeen Ace|typechange|Normal|[from] ability: Libero
|-swapsideconditions
|-activate|p2a: Yungeen Ace|move: Court Change
|
|-damage|p2a: Yungeen Ace|49/100|[from] move: Magma Storm|[partiallytrapped]
|turn|4
|
|move|p2a: Yungeen Ace|U-turn|p1a: Counterplay
|-resisted|p1a: Counterplay
|-damage|p1a: Counterplay|98/100
|
|switch|p2a: Landorus|Landorus-Therian, M|100/100|[from] U-turn
|-ability|p2a: Landorus|Intimidate|boost
|-unboost|p1a: Counterplay|atk|1
|move|p1a: Counterplay|Stealth Rock|p2a: Landorus
|-sidestart|p2: p2|move: Stealth Rock
|
|-heal|p1a: Counterplay|100/100|[from] item: Leftovers
|turn|5
|
|switch|p1a: Meta?|Landorus-Therian, M|100/100
|-damage|p1a: Meta?|88/100|[from] Stealth Rock
|-ability|p1a: Meta?|Intimidate|boost
|-unboost|p2a: Landorus|atk|1
|move|p2a: Landorus|U-turn|p1a: Meta?
|-resisted|p1a: Meta?
|-damage|p1a: Meta?|79/100
|
|switch|p2a: Carl Douglas|Urshifu-Rapid-Strike, F|100/100|[from] U-turn
|-damage|p2a: Carl Douglas|94/100|[from] Stealth Rock
|
|turn|6
|
|move|p1a: Meta?|U-turn|p2a: Carl Douglas
|-resisted|p2a: Carl Douglas
|-damage|p2a: Carl Douglas|81/100
|
|switch|p1a: Welp|Toxapex, F|100/100|[from] U-turn
|-damage|p1a: Welp|88/100|[from] Stealth Rock
|move|p2a: Carl Douglas|Surging Strikes|p1a: Welp
|-resisted|p1a: Welp
|-crit|p1a: Welp
|-damage|p1a: Welp|80/100
|-resisted|p1a: Welp
|-crit|p1a: Welp
|-damage|p1a: Welp|72/100
|-resisted|p1a: Welp
|-crit|p1a: Welp
|-damage|p1a: Welp|64/100
|-hitcount|p1a: Welp|3
|
|turn|7
|
|switch|p2a: Miki Matsubara|Magnezone|100/100
|-damage|p2a: Miki Matsubara|94/100|[from] Stealth Rock
|move|p1a: Welp|Infestation|p2a: Miki Matsubara
|-resisted|p2a: Miki Matsubara
|-damage|p2a: Miki Matsubara|93/100
|-activate|p2a: Miki Matsubara|move: Infestation|[of] p1a: Welp
|
|-damage|p2a: Miki Matsubara|80/100|[from] move: Infestation|[partiallytrapped]
|turn|8
|
|move|p2a: Miki Matsubara|Light Screen|p2a: Miki Matsubara
|-sidestart|p2: p2|move: Light Screen
|move|p1a: Welp|Surf|p2a: Miki Matsubara
|-damage|p2a: Miki Matsubara|70/100
|
|-damage|p2a: Miki Matsubara|57/100|[from] move: Infestation|[partiallytrapped]
|turn|9
|
|move|p2a: Miki Matsubara|Thunderbolt|p1a: Welp
|-supereffective|p1a: Welp
|-damage|p1a: Welp|24/100
|-status|p1a: Welp|par
|cant|p1a: Welp|par
|
|-damage|p2a: Miki Matsubara|45/100|[from] move: Infestation|[partiallytrapped]
|turn|10
|
|move|p2a: Miki Matsubara|Reflect|p2a: Miki Matsubara
|-sidestart|p2: p2|Reflect
|move|p1a: Welp|Surf|p2a: Miki Matsubara
|-damage|p2a: Miki Matsubara|34/100
|
|-damage|p2a: Miki Matsubara|21/100|[from] move: Infestation|[partiallytrapped]
|turn|11
|
|switch|p1a: Help|Ursaluna, F, shiny|100/100
|-damage|p1a: Help|94/100|[from] Stealth Rock
|move|p2a: Miki Matsubara|Thunderbolt|p1a: Help
|-immune|p1a: Help
|
|-end|p2a: Miki Matsubara|Infestation|[partiallytrapped]
|-status|p1a: Help|brn|[from] item: Flame Orb
|turn|12
|
|move|p1a: Help|Trailblaze|p2a: Miki Matsubara
|-resisted|p2a: Miki Matsubara
|-damage|p2a: Miki Matsubara|16/100
|-boost|p1a: Help|spe|1
|move|p2a: Miki Matsubara|Body Press|p1a: Help
|-supereffective|p1a: Help
|-crit|p1a: Help
|-damage|p1a: Help|23/100 brn
|
|-damage|p1a: Help|16/100 brn|[from] brn
|turn|13
|
|move|p1a: Help|Facade|p2a: Miki Matsubara
|-resisted|p2a: Miki Matsubara
|-damage|p2a: Miki Matsubara|0 fnt
|faint|p2a: Miki Matsubara
|
|-damage|p1a: Help|10/100 brn|[from] brn
|
|switch|p2a: Carl Douglas|Urshifu-Rapid-Strike, F|81/100
|-damage|p2a: Carl Douglas|75/100|[from] Stealth Rock
|turn|14
|
|move|p2a: Carl Douglas|Aqua Jet|p1a: Help
|-supereffective|p1a: Help
|-damage|p1a: Help|0 fnt
|faint|p1a: Help
|
|
|switch|p1a: Well done OU|Zamazenta-Crowned|100/100
|-damage|p1a: Well done OU|98/100|[from] Stealth Rock
|-ability|p1a: Well done OU|Dauntless Shield|boost
|-boost|p1a: Well done OU|def|1
|turn|15
|
|move|p1a: Well done OU|Iron Defense|p1a: Well done OU
|-boost|p1a: Well done OU|def|2
|move|p2a: Carl Douglas|Swords Dance|p2a: Carl Douglas
|-boost|p2a: Carl Douglas|atk|2
|
|-sideend|p2: p2|move: Light Screen
|turn|16
|
|move|p1a: Well done OU|Iron Defense|p1a: Well done OU
|-boost|p1a: Well done OU|def|2
|move|p2a: Carl Douglas|Surging Strikes|p1a: Well done OU
|-crit|p1a: Well done OU
|-damage|p1a: Well done OU|70/100
|-crit|p1a: Well done OU
|-damage|p1a: Well done OU|38/100
|-crit|p1a: Well done OU
|-damage|p1a: Well done OU|9/100
|-hitcount|p1a: Well done OU|3
|
|turn|17
|
|move|p1a: Well done OU|Body Press|p2a: Carl Douglas
|-damage|p2a: Carl Douglas|15/100
|move|p2a: Carl Douglas|Surging Strikes|p1a: Well done OU
|-crit|p1a: Well done OU
|-damage|p1a: Well done OU|0 fnt
|faint|p1a: Well done OU
|-hitcount|p1: Well done OU|1
|
|-sideend|p2: p2|Reflect
|
|switch|p1a: Meta?|Landorus-Therian, M|79/100
|-damage|p1a: Meta?|67/100|[from] Stealth Rock
|-ability|p1a: Meta?|Intimidate|boost
|-unboost|p2a: Carl Douglas|atk|1
|turn|18
|
|switch|p2a: Landorus|Landorus-Therian, M|100/100
|-damage|p2a: Landorus|88/100|[from] Stealth Rock
|-ability|p2a: Landorus|Intimidate|boost
|-unboost|p1a: Meta?|atk|1
|move|p1a: Meta?|Grass Knot|p2a: Landorus
|-damage|p2a: Landorus|73/100
|
|-heal|p2a: Landorus|79/100|[from] item: Leftovers
|turn|19
|
|switch|p1a: Counterplay|Heatran, F|100/100
|-damage|p1a: Counterplay|88/100|[from] Stealth Rock
|move|p2a: Landorus|U-turn|p1a: Counterplay
|-resisted|p1a: Counterplay
|-damage|p1a: Counterplay|84/100
|
|switch|p2a: blondie|Enamorus, F|100/100|[from] U-turn
|-damage|p2a: blondie|76/100|[from] Stealth Rock
|
|-heal|p2a: blondie|82/100|[from] item: Leftovers
|-heal|p1a: Counterplay|91/100|[from] item: Leftovers
|turn|20
|
|move|p2a: blondie|Substitute|p2a: blondie
|-start|p2a: blondie|Substitute
|-damage|p2a: blondie|57/100
|move|p1a: Counterplay|Magma Storm|p2a: blondie
|-end|p2a: blondie|Substitute
|
|-heal|p2a: blondie|63/100|[from] item: Leftovers
|-heal|p1a: Counterplay|97/100|[from] item: Leftovers
|turn|21
|
|move|p2a: blondie|Superpower|p1a: Counterplay
|-supereffective|p1a: Counterplay
|-damage|p1a: Counterplay|52/100
|-boost|p2a: blondie|atk|1
|-boost|p2a: blondie|def|1
|move|p1a: Counterplay|Magma Storm|p2a: blondie
|-damage|p2a: blondie|0 fnt
|faint|p2a: blondie
|
|-heal|p1a: Counterplay|59/100|[from] item: Leftovers
|
|switch|p2a: Landorus|Landorus-Therian, M|79/100
|-damage|p2a: Landorus|67/100|[from] Stealth Rock
|-ability|p2a: Landorus|Intimidate|boost
|-unboost|p1a: Counterplay|atk|1
|turn|22
|
|move|p2a: Landorus|U-turn|p1a: Counterplay
|-resisted|p1a: Counterplay
|-damage|p1a: Counterplay|55/100
|
|switch|p2a: Yungeen Ace|Cinderace, M|49/100|[from] U-turn
|move|p1a: Counterplay|Will-O-Wisp|p2a: Yungeen Ace
|-immune|p2a: Yungeen Ace
|
|-heal|p1a: Counterplay|61/100|[from] item: Leftovers
|turn|23
|
|move|p1a: Counterplay|Protect|p1a: Counterplay
|-singleturn|p1a: Counterplay|Protect
|move|p2a: Yungeen Ace|U-turn|p1a: Counterplay
|-start|p2a: Yungeen Ace|typechange|Bug|[from] ability: Libero
|-activate|p1a: Counterplay|move: Protect
|
|-heal|p1a: Counterplay|67/100|[from] item: Leftovers
|turn|24
|
|move|p2a: Yungeen Ace|U-turn|p1a: Counterplay
|-resisted|p1a: Counterplay
|-damage|p1a: Counterplay|63/100
|
|switch|p2a: Landorus|Landorus-Therian, M|67/100|[from] U-turn
|-damage|p2a: Landorus|54/100|[from] Stealth Rock
|-ability|p2a: Landorus|Intimidate|boost
|-unboost|p1a: Counterplay|atk|1
|move|p1a: Counterplay|Magma Storm|p2a: Landorus
|-damage|p2a: Landorus|23/100
|-activate|p2a: Landorus|move: Magma Storm|[of] p1a: Counterplay
|
|-heal|p2a: Landorus|29/100|[from] item: Leftovers
|-heal|p1a: Counterplay|70/100|[from] item: Leftovers
|-damage|p2a: Landorus|17/100|[from] move: Magma Storm|[partiallytrapped]
|turn|25
|
|move|p1a: Counterplay|Protect|p1a: Counterplay
|-singleturn|p1a: Counterplay|Protect
|move|p2a: Landorus|U-turn|p1a: Counterplay
|-activate|p1a: Counterplay|move: Protect
|
|-heal|p2a: Landorus|23/100|[from] item: Leftovers
|-heal|p1a: Counterplay|76/100|[from] item: Leftovers
|-damage|p2a: Landorus|10/100|[from] move: Magma Storm|[partiallytrapped]
|turn|26
|
|switch|p1a: Meta?|Landorus-Therian, M|67/100
|-damage|p1a: Meta?|54/100|[from] Stealth Rock
|-ability|p1a: Meta?|Intimidate|boost
|-unboost|p2a: Landorus|atk|1
|move|p2a: Landorus|Earthquake|p1a: Meta?
|-immune|p1a: Meta?
|
|-heal|p2a: Landorus|16/100|[from] item: Leftovers
|-end|p2a: Landorus|Magma Storm|[partiallytrapped]|[silent]
|turn|27
|
|move|p1a: Meta?|Grass Knot|p2a: Landorus
|-damage|p2a: Landorus|1/100
|move|p2a: Landorus|U-turn|p1a: Meta?
|-resisted|p1a: Meta?
|-damage|p1a: Meta?|46/100
|
|switch|p2a: Led Zeppelin|Braviary-Hisui, M|100/100|[from] U-turn
|-damage|p2a: Led Zeppelin|76/100|[from] Stealth Rock
|
|turn|28
|
|switch|p1a: Why am I back|Chien-Pao|100/100
|-damage|p1a: Why am I back|76/100|[from] Stealth Rock
|-ability|p1a: Why am I back|Sword of Ruin
|move|p2a: Led Zeppelin|Esper Wing|p1a: Why am I back
|-immune|p1a: Why am I back
|
|turn|29
|
|switch|p2a: Landorus|Landorus-Therian, M|1/100
|-damage|p2a: Landorus|0 fnt|[from] Stealth Rock
|faint|p2a: Landorus
|move|p1a: Why am I back|Ice Spinner|p2: Landorus|[notarget]
|-fail|p1a: Why am I back
|
|
|switch|p2a: Yungeen Ace|Cinderace, M|49/100
|turn|30
|
|switch|p1a: Meta?|Landorus-Therian, M|46/100
|-damage|p1a: Meta?|33/100|[from] Stealth Rock
|-ability|p1a: Meta?|Intimidate|boost
|-unboost|p2a: Yungeen Ace|atk|1
|move|p2a: Yungeen Ace|U-turn|p1a: Meta?
|-start|p2a: Yungeen Ace|typechange|Bug|[from] ability: Libero
|-resisted|p1a: Meta?
|-damage|p1a: Meta?|23/100
|
|switch|p2a: Led Zeppelin|Braviary-Hisui, M|76/100|[from] U-turn
|-damage|p2a: Led Zeppelin|51/100|[from] Stealth Rock
|
|turn|31
|
|move|p1a: Meta?|U-turn|p2a: Led Zeppelin
|-damage|p2a: Led Zeppelin|17/100
|
|switch|p1a: Counterplay|Heatran, F|76/100|[from] U-turn
|-damage|p1a: Counterplay|63/100|[from] Stealth Rock
|move|p2a: Led Zeppelin|Esper Wing|p1a: Counterplay
|-resisted|p1a: Counterplay
|-damage|p1a: Counterplay|18/100
|-boost|p2a: Led Zeppelin|spe|1
|
|-heal|p1a: Counterplay|24/100|[from] item: Leftovers
|turn|32
|
|move|p1a: Counterplay|Protect|p1a: Counterplay
|-singleturn|p1a: Counterplay|Protect
|move|p2a: Led Zeppelin|Esper Wing|p1a: Counterplay
|-activate|p1a: Counterplay|move: Protect
|
|-heal|p1a: Counterplay|30/100|[from] item: Leftovers
|turn|33
|
|switch|p1a: Why am I back|Chien-Pao|76/100
|-damage|p1a: Why am I back|51/100|[from] Stealth Rock
|-ability|p1a: Why am I back|Sword of Ruin
|move|p2a: Led Zeppelin|Esper Wing|p1a: Why am I back
|-immune|p1a: Why am I back
|
|turn|34
|
|switch|p2a: Yungeen Ace|Cinderace, M|49/100
|move|p1a: Why am I back|Ice Spinner|p2a: Yungeen Ace
|-resisted|p2a: Yungeen Ace
|-damage|p2a: Yungeen Ace|2/100
|
|turn|35
|
|move|p1a: Why am I back|Ice Spinner|p2a: Yungeen Ace
|-resisted|p2a: Yungeen Ace
|-damage|p2a: Yungeen Ace|0 fnt
|faint|p2a: Yungeen Ace
|
|
|switch|p2a: Carl Douglas|Urshifu-Rapid-Strike, F|15/100
|-damage|p2a: Carl Douglas|8/100|[from] Stealth Rock
|turn|36
|
|switch|p1a: Meta?|Landorus-Therian, M|23/100
|-damage|p1a: Meta?|11/100|[from] Stealth Rock
|-ability|p1a: Meta?|Intimidate|boost
|-unboost|p2a: Carl Douglas|atk|1
|move|p2a: Carl Douglas|Aqua Jet|p1a: Meta?
|-supereffective|p1a: Meta?
|-damage|p1a: Meta?|0 fnt
|faint|p1a: Meta?
|
|
|switch|p1a: Why am I back|Chien-Pao|51/100
|-damage|p1a: Why am I back|26/100|[from] Stealth Rock
|-ability|p1a: Why am I back|Sword of Ruin
|turn|37
|
|-terastallize|p1a: Why am I back|Ice
|move|p1a: Why am I back|Ice Shard|p2a: Carl Douglas
|-resisted|p2a: Carl Douglas
|-damage|p2a: Carl Douglas|0 fnt
|faint|p2a: Carl Douglas
|
|
|switch|p2a: Led Zeppelin|Braviary-Hisui, M|17/100
|-damage|p2a: Led Zeppelin|0 fnt|[from] Stealth Rock
|faint|p2a: Led Zeppelin
|
|win|p1
