|poke|p1|Grimmsnarl, M|
|poke|p1|Hatterene, F|
|poke|p1|Breloom, F|
|poke|p1|Ursaluna, M|
|poke|p1|Magearna|
|poke|p1|Zamazenta-*|
|poke|p2|Basculegion, M|
|poke|p2|Urshifu-*, M|
|poke|p2|Pelipper, M|
|poke|p2|Samurott-Hisui, F|
|poke|p2|Great Tusk|
|poke|p2|Zapdos|
|teampreview
|
|start
|switch|p1a: Breloom|Breloom, F|100/100
|switch|p2a: Samurott|Samurott-Hisui, F|100/100
|turn|1
|
|switch|p2a: Pelipper|Pelipper, M|100/100
|-weather|RainDance|[from] ability: Drizzle|[of] p2a: Pelipper
|move|p1a: Breloom|Spore|p2a: Pelipper
|-status|p2a: Pelipper|slp|[from] move: Spore
|
|-weather|RainDance|[upkeep]
|turn|2
|
|switch|p2a: Zapdos|Zapdos|100/100
|move|p1a: Breloom|Rock Tomb|p2a: Zapdos
|-supereffective|p2a: Zapdos
|-damage|p2a: Zapdos|10/100
|-unboost|p2a: Zapdos|spe|1
|
|-weather|RainDance|[upkeep]
|turn|3
|
|move|p1a: Breloom|Rock Tomb|p2a: Zapdos
|-supereffective|p2a: Zapdos
|-damage|p2a: Zapdos|0 fnt
|faint|p2a: Zapdos
|
|-weather|RainDance|[upkeep]
|
|switch|p2a: Urshifu|Urshifu-Rapid-Strike, M|100/100
|turn|4
|
|move|p2a: Urshifu|Close Combat|p1a: Breloom
|-damage|p1a: Breloom|2/100
|-unboost|p2a: Urshifu|def|1
|-unboost|p2a: Urshifu|spd|1
|move|p1a: Breloom|Bulldoze|p2a: Urshifu
|-damage|p2a: Urshifu|50/100
|-unboost|p2a: Urshifu|spe|1
|
|-weather|RainDance|[upkeep]
|turn|5
|
|move|p1a: Breloom|Mach Punch|p2a: Urshifu
|-damage|p2a: Urshifu|0 fnt
|faint|p2a: Urshifu
|
|-weather|RainDance|[upkeep]
|
|switch|p2a: Basculegion|Basculegion, M|100/100
|turn|6
|
|move|p2a: Basculegion|Wave Crash|p1a: Breloom
|-resisted|p1a: Breloom
|-damage|p1a: Breloom|0 fnt
|faint|p1a: Breloom
|-damage|p2a: Basculegion|99/100|[from] Recoil
|
|-weather|RainDance|[upkeep]
|
|switch|p1a: Grimmsnarl|Grimmsnarl, M|100/100
|turn|7
|
|switch|p2a: Samurott|Samurott-Hisui, F|100/100
|move|p1a: Grimmsnarl|Reflect|p1a: Grimmsnarl
|-sidestart|p1: Blue Eyes God|Reflect
|
|-weather|RainDance|[upkeep]
|turn|8
|
|switch|p1a: Hatterene|Hatterene, F|100/100
|move|p2a: Samurott|Ceaseless Edge|p1a: Hatterene
|-damage|p1a: Hatterene|83/100
|-sidestart|p1: Blue Eyes God|Spikes
|
|-weather|none
|-heal|p1a: Hatterene|89/100|[from] item: Leftovers
|turn|9
|
|switch|p2a: Pelipper|Pelipper, M|100/100 slp
|-weather|RainDance|[from] ability: Drizzle|[of] p2a: Pelipper
|move|p1a: Hatterene|Trick Room|p1a: Hatterene
|-fieldstart|move: Trick Room|[of] p1a: Hatterene
|
|-weather|RainDance|[upkeep]
|-heal|p1a: Hatterene|95/100|[from] item: Leftovers
|turn|10
|
|move|p1a: Hatterene|Calm Mind|p1a: Hatterene
|-boost|p1a: Hatterene|spa|1
|-boost|p1a: Hatterene|spd|1
|cant|p2a: Pelipper|slp
|
|-weather|RainDance|[upkeep]
|-heal|p1a: Hatterene|100/100|[from] item: Leftovers
|turn|11
|
|move|p1a: Hatterene|Calm Mind|p1a: Hatterene
|-boost|p1a: Hatterene|spa|1
|-boost|p1a: Hatterene|spd|1
|cant|p2a: Pelipper|slp
|
|-weather|RainDance|[upkeep]
|turn|12
|
|move|p1a: Hatterene|Calm Mind|p1a: Hatterene
|-boost|p1a: Hatterene|spa|1
|-boost|p1a: Hatterene|spd|1
|cant|p2a: Pelipper|slp
|
|-weather|RainDance|[upkeep]
|turn|13
|
|switch|p2a: Samurott|Samurott-Hisui, F|100/100
|move|p1a: Hatterene|Calm Mind|p1a: Hatterene
|-boost|p1a: Hatterene|spa|1
|-boost|p1a: Hatterene|spd|1
|
|-weather|RainDance|[upkeep]
|-fieldend|move: Trick Room
|turn|14
|
|-terastallize|p2a: Samurott|Water
|-terastallize|p1a: Hatterene|Water
|move|p2a: Samurott|Aqua Cutter|p1a: Hatterene
|-resisted|p1a: Hatterene
|-damage|p1a: Hatterene|83/100
|move|p1a: Hatterene|Trick Room|p1a: Hatterene
|-fieldstart|move: Trick Room|[of] p1a: Hatterene
|
|-weather|RainDance|[upkeep]
|-heal|p1a: Hatterene|89/100|[from] item: Leftovers
|-sideend|p1: Blue Eyes God|Reflect
|turn|15
|-message|jmcbango forfeited.
|
|win|Blue Eyes God
