# advantage = p1
|poke|p1|Pelipper, F|
|poke|p1|Floatzel, F|
|poke|p1|Golduck, M|
|poke|p1|Pawmot, F|
|poke|p1|Toedscruel, F|
|poke|p1|Azumarill, F|
|poke|p2|Enamorus, F|
|poke|p2|Ursaluna, F|
|poke|p2|Magearna|
|poke|p2|Samurott-Hisui, F|
|poke|p2|Zamazenta-*|
|poke|p2|Grimmsnarl, M|
|teampreview
|
|start
|switch|p1a: Ghoti carrier|Pelipper, F|100/100
|switch|p2a: Grimmsnarl|Grimmsnarl, M|100/100
|-weather|RainDance|[from] ability: Drizzle|[of] p1a: Ghoti carrier
|turn|1
|
|move|p2a: Grimmsnarl|Light Screen|p2a: Grimmsnarl
|-sidestart|p2: p2|move: Light Screen
|move|p1a: Ghoti carrier|U-turn|p2a: Grimmsnarl
|-damage|p2a: Grimmsnarl|88/100
|
|switch|p1a: Spaghetti Memory|Toedscruel, F|100/100|[from] U-turn
|
|-weather|RainDance|[upkeep]
|turn|2
|
|move|p2a: Grimmsnarl|Taunt|p1a: Spaghetti Memory
|-start|p1a: Spaghetti Memory|move: Taunt
|move|p1a: Spaghetti Memory|Knock Off|p2a: Grimmsnarl
|-resisted|p2a: Grimmsnarl
|-damage|p2a: Grimmsnarl|83/100
|-enditem|p2a: Grimmsnarl|Light Clay|[from] move: Knock Off|[of] p1a: Spaghetti Memory
|
|-weather|RainDance|[upkeep]
|turn|3
|
|switch|p1a: Really want eject|Pawmot, F|100/100
|move|p2a: Grimmsnarl|Reflect|p2a: Grimmsnarl
|-sidestart|p2: p2|Reflect
|
|-weather|RainDance|[upkeep]
|turn|4
|
|move|p2a: Grimmsnarl|Parting Shot|p1a: Really want eject
|-unboost|p1a: Really want eject|atk|1
|-unboost|p1a: Really want eject|spa|1
|
|switch|p2a: Zamazenta|Zamazenta|100/100|[from] Parting Shot
|-ability|p2a: Zamazenta|Dauntless Shield|boost
|-boost|p2a: Zamazenta|def|1
|move|p1a: Really want eject|Nuzzle|p2a: Zamazenta
|-damage|p2a: Zamazenta|99/100
|-status|p2a: Zamazenta|par
|
|-weather|RainDance|[upkeep]
|-heal|p2a: Zamazenta|100/100 par|[from] item: Leftovers
|turn|5
|
|switch|p1a: Ghoti carrier|Pelipper, F|100/100
|move|p2a: Zamazenta|Substitute|p2a: Zamazenta
|-start|p2a: Zamazenta|Substitute
|-damage|p2a: Zamazenta|75/100 par
|
|-weather|RainDance|[upkeep]
|-heal|p2a: Zamazenta|82/100 par|[from] item: Leftovers
|turn|6
|
|move|p2a: Zamazenta|Iron Defense|p2a: Zamazenta
|-boost|p2a: Zamazenta|def|2
|move|p1a: Ghoti carrier|Hurricane|p2a: Zamazenta
|-supereffective|p2a: Zamazenta
|-end|p2a: Zamazenta|Substitute
|
|-weather|RainDance|[upkeep]
|-heal|p2a: Zamazenta|88/100 par|[from] item: Leftovers
|turn|7
|
|move|p2a: Zamazenta|Body Press|p1a: Ghoti carrier
|-resisted|p1a: Ghoti carrier
|-damage|p1a: Ghoti carrier|57/100
|move|p1a: Ghoti carrier|Hurricane|p2a: Zamazenta
|-supereffective|p2a: Zamazenta
|-damage|p2a: Zamazenta|58/100 par
|
|-weather|RainDance|[upkeep]
|-heal|p2a: Zamazenta|65/100 par|[from] item: Leftovers
|-sideend|p2: p2|Reflect
|turn|8
|
|move|p2a: Zamazenta|Body Press|p1a: Ghoti carrier
|-resisted|p1a: Ghoti carrier
|-damage|p1a: Ghoti carrier|15/100
|move|p1a: Ghoti carrier|U-turn|p2a: Zamazenta
|-resisted|p2a: Zamazenta
|-damage|p2a: Zamazenta|63/100 par
|
|switch|p1a: Spaghetti Memory|Toedscruel, F|100/100|[from] U-turn
|
|-weather|none
|-heal|p2a: Zamazenta|69/100 par|[from] item: Leftovers
|-sideend|p2: p2|move: Light Screen
|turn|9
|
|move|p1a: Spaghetti Memory|Knock Off|p2a: Zamazenta
|-resisted|p2a: Zamazenta
|-damage|p2a: Zamazenta|67/100 par
|-enditem|p2a: Zamazenta|Leftovers|[from] move: Knock Off|[of] p1a: Spaghetti Memory
|cant|p2a: Zamazenta|par
|
|turn|10
|
|switch|p1a: Ghoti carrier|Pelipper, F|15/100
|-weather|RainDance|[from] ability: Drizzle|[of] p1a: Ghoti carrier
|cant|p2a: Zamazenta|par
|
|-weather|RainDance|[upkeep]
|turn|11
|
|move|p2a: Zamazenta|Body Press|p1a: Ghoti carrier
|-resisted|p1a: Ghoti carrier
|-damage|p1a: Ghoti carrier|0 fnt
|faint|p1a: Ghoti carrier
|
|-weather|RainDance|[upkeep]
|
|switch|p1a: Seaking Duck|Golduck, M|100/100
|turn|12
|
|-terastallize|p1a: Seaking Duck|Ghost
|move|p1a: Seaking Duck|Nasty Plot|p1a: Seaking Duck
|-boost|p1a: Seaking Duck|spa|2
|cant|p2a: Zamazenta|par
|
|-weather|RainDance|[upkeep]
|turn|13
|
|move|p1a: Seaking Duck|Surf|p2a: Zamazenta
|-crit|p2a: Zamazenta
|-damage|p2a: Zamazenta|0 fnt
|faint|p2a: Zamazenta
|-damage|p1a: Seaking Duck|91/100|[from] item: Life Orb
|
|-weather|RainDance|[upkeep]
|
|switch|p2a: Grimmsnarl|Grimmsnarl, M|83/100
|turn|14
|
|move|p2a: Grimmsnarl|Light Screen|p2a: Grimmsnarl
|-sidestart|p2: p2|move: Light Screen
|move|p1a: Seaking Duck|Nasty Plot|p1a: Seaking Duck
|-boost|p1a: Seaking Duck|spa|2
|
|-weather|RainDance|[upkeep]
|turn|15
|
|move|p2a: Grimmsnarl|Parting Shot|p1a: Seaking Duck
|-unboost|p1a: Seaking Duck|atk|1
|-unboost|p1a: Seaking Duck|spa|1
|
|switch|p2a: Samurott|Samurott-Hisui, F|100/100|[from] Parting Shot
|move|p1a: Seaking Duck|Surf|p2a: Samurott
|-resisted|p2a: Samurott
|-damage|p2a: Samurott|25/100
|-damage|p1a: Seaking Duck|81/100|[from] item: Life Orb
|
|-weather|RainDance|[upkeep]
|turn|16
|
|switch|p1a: BandedSkeda|Floatzel, F|100/100
|move|p2a: Samurott|Sucker Punch||[still]
|-fail|p2a: Samurott
|
|-weather|RainDance|[upkeep]
|turn|17
|
|move|p2a: Samurott|Sucker Punch|p1a: BandedSkeda
|-damage|p1a: BandedSkeda|38/100
|-damage|p2a: Samurott|15/100|[from] item: Life Orb
|move|p1a: BandedSkeda|Liquidation|p2a: Samurott
|-resisted|p2a: Samurott
|-damage|p2a: Samurott|0 fnt
|faint|p2a: Samurott
|
|-weather|none
|
|switch|p2a: Grimmsnarl|Grimmsnarl, M|83/100
|turn|18
|
|switch|p1a: Really want eject|Pawmot, F|100/100
|move|p2a: Grimmsnarl|Reflect|p2a: Grimmsnarl
|-sidestart|p2: p2|Reflect
|
|-sideend|p2: p2|move: Light Screen
|turn|19
|
|move|p2a: Grimmsnarl|Taunt|p1a: Really want eject
|-start|p1a: Really want eject|move: Taunt
|move|p1a: Really want eject|Nuzzle|p2a: Grimmsnarl
|-damage|p2a: Grimmsnarl|78/100
|-status|p2a: Grimmsnarl|par
|
|turn|20
|
|switch|p1a: Spaghetti Memory|Toedscruel, F|100/100
|move|p2a: Grimmsnarl|Light Screen|p2a: Grimmsnarl
|-sidestart|p2: p2|move: Light Screen
|
|turn|21
|
|cant|p2a: Grimmsnarl|par
|move|p1a: Spaghetti Memory|Knock Off|p2a: Grimmsnarl
|-resisted|p2a: Grimmsnarl
|-damage|p2a: Grimmsnarl|76/100 par
|
|turn|22
|
|move|p2a: Grimmsnarl|Taunt|p1a: Spaghetti Memory
|-start|p1a: Spaghetti Memory|move: Taunt
|move|p1a: Spaghetti Memory|Knock Off|p2a: Grimmsnarl
|-resisted|p2a: Grimmsnarl
|-damage|p2a: Grimmsnarl|75/100 par
|
|-sideend|p2: p2|Reflect
|turn|23
|
|move|p2a: Grimmsnarl|Parting Shot|p1a: Spaghetti Memory
|-unboost|p1a: Spaghetti Memory|atk|1
|-unboost|p1a: Spaghetti Memory|spa|1
|
|switch|p2a: Enamorus|Enamorus, F|100/100|[from] Parting Shot
|move|p1a: Spaghetti Memory|Knock Off|p2a: Enamorus
|-resisted|p2a: Enamorus
|-damage|p2a: Enamorus|91/100
|-enditem|p2a: Enamorus|Life Orb|[from] move: Knock Off|[of] p1a: Spaghetti Memory
|
|turn|24
|
|switch|p1a: BandedSkeda|Floatzel, F|38/100
|move|p2a: Enamorus|Calm Mind|p2a: Enamorus
|-boost|p2a: Enamorus|spa|1
|-boost|p2a: Enamorus|spd|1
|
|-sideend|p2: p2|move: Light Screen
|turn|25
|
|switch|p2a: Grimmsnarl|Grimmsnarl, M|75/100 par
|move|p1a: BandedSkeda|Aqua Jet|p2a: Grimmsnarl
|-damage|p2a: Grimmsnarl|37/100 par
|
|turn|26
|
|move|p1a: BandedSkeda|Aqua Jet|p2a: Grimmsnarl
|-damage|p2a: Grimmsnarl|0 fnt
|faint|p2a: Grimmsnarl
|
|
|switch|p2a: Magearna|Magearna|100/100
|turn|27
|
|switch|p1a: Spaghetti Memory|Toedscruel, F|100/100
|switch|p2a: Enamorus|Enamorus, F|91/100
|
|turn|28
|
|move|p2a: Enamorus|Calm Mind|p2a: Enamorus
|-boost|p2a: Enamorus|spa|1
|-boost|p2a: Enamorus|spd|1
|move|p1a: Spaghetti Memory|Spore|p2a: Enamorus
|-status|p2a: Enamorus|slp|[from] move: Spore
|
|turn|29
|
|switch|p1a: Really want eject|Pawmot, F|100/100
|cant|p2a: Enamorus|slp
|
|turn|30
|
|-curestatus|p2a: Enamorus|slp|[msg]
|move|p2a: Enamorus|Moonblast|p1a: Really want eject
|-supereffective|p1a: Really want eject
|-damage|p1a: Really want eject|0 fnt
|faint|p1a: Really want eject
|
|
|switch|p1a: The Goat|Azumarill, F|100/100
|turn|31
|
|move|p2a: Enamorus|Moonblast|p1a: The Goat
|-damage|p1a: The Goat|23/100
|-enditem|p1a: The Goat|Sitrus Berry|[eat]
|-heal|p1a: The Goat|48/100|[from] item: Sitrus Berry
|move|p1a: The Goat|Liquidation|p2a: Enamorus
|-damage|p2a: Enamorus|5/100
|-unboost|p2a: Enamorus|def|1
|
|turn|32
|
|move|p1a: The Goat|Aqua Jet|p2a: Enamorus
|-damage|p2a: Enamorus|0 fnt
|faint|p2a: Enamorus
|
|
|switch|p2a: Magearna|Magearna|100/100
|turn|33
|
|switch|p2a: Ursaluna|Ursaluna, F|100/100
|switch|p1a: Spaghetti Memory|Toedscruel, F|100/100
|
|-status|p2a: Ursaluna|brn|[from] item: Flame Orb
|turn|34
|
|switch|p1a: The Goat|Azumarill, F|48/100
|-terastallize|p2a: Ursaluna|Normal
|move|p2a: Ursaluna|Fire Punch|p1a: The Goat
|-resisted|p1a: The Goat
|-damage|p1a: The Goat|25/100
|
|-damage|p2a: Ursaluna|94/100 brn|[from] brn
|turn|35
|
|move|p1a: The Goat|Aqua Jet|p2a: Ursaluna
|-damage|p2a: Ursaluna|75/100 brn
|move|p2a: Ursaluna|Earthquake|p1a: The Goat
|-damage|p1a: The Goat|0 fnt
|faint|p1a: The Goat
|
|-damage|p2a: Ursaluna|69/100 brn|[from] brn
|
|switch|p1a: Seaking Duck|Golduck, M, tera:Ghost|81/100
|turn|36
|
|move|p1a: Seaking Duck|Surf|p2a: Ursaluna
|-damage|p2a: Ursaluna|14/100 brn
|-damage|p1a: Seaking Duck|71/100|[from] item: Life Orb
|move|p2a: Ursaluna|Earthquake|p1a: Seaking Duck
|-damage|p1a: Seaking Duck|0 fnt
|faint|p1a: Seaking Duck
|
|-damage|p2a: Ursaluna|8/100 brn|[from] brn
|
|switch|p1a: BandedSkeda|Floatzel, F|38/100
|turn|37
|
|move|p1a: BandedSkeda|Wave Crash|p2a: Ursaluna
|-damage|p2a: Ursaluna|0 fnt
|faint|p2a: Ursaluna
|-damage|p1a: BandedSkeda|35/100|[from] Recoil
|
|
|switch|p2a: Magearna|Magearna|100/100
|turn|38
|
|move|p1a: BandedSkeda|Wave Crash|p2a: Magearna
|-damage|p2a: Magearna|23/100
|-damage|p1a: BandedSkeda|8/100|[from] Recoil
|move|p2a: Magearna|Shift Gear|p2a: Magearna
|-boost|p2a: Magearna|spe|2
|-boost|p2a: Magearna|atk|1
|
|-heal|p2a: Magearna|29/100|[from] item: Leftovers
|turn|39
|
|switch|p1a: Spaghetti Memory|Toedscruel, F|100/100
|move|p2a: Magearna|Draining Kiss|p1a: Spaghetti Memory
|-damage|p1a: Spaghetti Memory|86/100
|-heal|p2a: Magearna|40/100|[from] drain|[of] p1a: Spaghetti Memory
|-damage|p2a: Magearna|23/100|[from] item: Rocky Helmet|[of] p1a: Spaghetti Memory
|
|-heal|p2a: Magearna|29/100|[from] item: Leftovers
|turn|40
|
|move|p2a: Magearna|Calm Mind|p2a: Magearna
|-boost|p2a: Magearna|spa|1
|-boost|p2a: Magearna|spd|1
|move|p1a: Spaghetti Memory|Knock Off|p2a: Magearna
|-resisted|p2a: Magearna
|-damage|p2a: Magearna|23/100
|-enditem|p2a: Magearna|Leftovers|[from] move: Knock Off|[of] p1a: Spaghetti Memory
|
|turn|41
|
|move|p2a: Magearna|Stored Power|p1a: Spaghetti Memory
|-damage|p1a: Spaghetti Memory|54/100
|move|p1a: Spaghetti Memory|Spore|p2a: Magearna
|-status|p2a: Magearna|slp|[from] move: Spore
|
|turn|42
|
|switch|p1a: BandedSkeda|Floatzel, F|8/100
|cant|p2a: Magearna|slp
|
|turn|43
|
|move|p1a: BandedSkeda|Aqua Jet|p2a: Magearna
|-damage|p2a: Magearna|0 fnt
|faint|p2a: Magearna
|
|win|p1
