# advantage = p1
|poke|p1|Samurott-Hisui, F|
|poke|p1|Scream Tail|
|poke|p1|Skeledirge, M|
|poke|p1|Landorus-Therian, M|
|poke|p1|Chien-Pao|
|poke|p1|Zapdos-Galar|
|poke|p2|Basculegion-F, F|
|poke|p2|Zamazenta-*|
|poke|p2|Scream Tail|
|poke|p2|Garganacl, M|
|poke|p2|Zapdos|
|poke|p2|Maushold|
|teampreview
|
|start
|switch|p1a: Landorus|Landorus-Therian, M|100/100
|switch|p2a: Maushold|Maushold|100/100
|-ability|p1a: Landorus|Intimidate|boost
|-unboost|p2a: Maushold|atk|1
|turn|1
|
|move|p2a: Maushold|Population Bomb|p1a: Landorus
|-damage|p1a: Landorus|95/100
|-damage|p2a: Maushold|84/100|[from] item: Rocky Helmet|[of] p1a: Landorus
|-damage|p1a: Landorus|90/100
|-damage|p2a: Maushold|67/100|[from] item: Rocky Helmet|[of] p1a: Landorus
|-damage|p1a: Landorus|85/100
|-damage|p2a: Maushold|51/100|[from] item: Rocky Helmet|[of] p1a: Landorus
|-damage|p1a: Landorus|80/100
|-damage|p2a: Maushold|34/100|[from] item: Rocky Helmet|[of] p1a: Landorus
|-damage|p1a: Landorus|75/100
|-damage|p2a: Maushold|17/100|[from] item: Rocky Helmet|[of] p1a: Landorus
|-damage|p1a: Landorus|70/100
|-damage|p2a: Maushold|1/100|[from] item: Rocky Helmet|[of] p1a: Landorus
|-damage|p1a: Landorus|65/100
|-damage|p2a: Maushold|0 fnt|[from] item: Rocky Helmet|[of] p1a: Landorus
|faint|p2a: Maushold
|-hitcount|p1a: Landorus|7
|move|p1a: Landorus|Earthquake|p2: Maushold|[notarget]
|-fail|p1a: Landorus
|
|
|switch|p2a: Basculegion|Basculegion-F, F|100/100
|turn|2
|
|switch|p1a: Samurott|Samurott-Hisui, F|100/100
|move|p2a: Basculegion|Surf|p1a: Samurott
|-resisted|p1a: Samurott
|-damage|p1a: Samurott|54/100
|
|turn|3
|
|switch|p2a: Zapdos|Zapdos|100/100
|move|p1a: Samurott|Ceaseless Edge|p2a: Zapdos|[miss]
|-miss|p1a: Samurott|p2a: Zapdos
|
|turn|4
|
|switch|p1a: Scream Tail|Scream Tail|100/100
|move|p2a: Zapdos|Hurricane|p1a: Scream Tail|[miss]
|-miss|p2a: Zapdos|p1a: Scream Tail
|
|turn|5
|
|move|p1a: Scream Tail|Wish|p1a: Scream Tail
|move|p2a: Zapdos|Volt Switch|p1a: Scream Tail
|-damage|p1a: Scream Tail|78/100
|
|switch|p2a: Basculegion|Basculegion-F, F|100/100|[from] Volt Switch
|
|-heal|p1a: Scream Tail|85/100|[from] item: Leftovers
|turn|6
|
|-end|p1a: Scream Tail|Protosynthesis|[silent]
|switch|p1a: Samurott|Samurott-Hisui, F|54/100
|move|p2a: Basculegion|Hydro Pump|p1a: Samurott
|-resisted|p1a: Samurott
|-damage|p1a: Samurott|2/100
|
|-heal|p1a: Samurott|70/100|[from] move: Wish|[wisher] Scream Tail
|turn|7
|
|switch|p2a: Zapdos|Zapdos|100/100
|move|p1a: Samurott|Ceaseless Edge|p2a: Zapdos|[miss]
|-miss|p1a: Samurott|p2a: Zapdos
|
|turn|8
|
|switch|p1a: Scream Tail|Scream Tail|85/100
|move|p2a: Zapdos|Volt Switch|p1a: Scream Tail
|-damage|p1a: Scream Tail|63/100
|
|switch|p2a: Basculegion|Basculegion-F, F|100/100|[from] Volt Switch
|
|-heal|p1a: Scream Tail|69/100|[from] item: Leftovers
|turn|9
|
|switch|p2a: Garganacl|Garganacl, M|100/100
|move|p1a: Scream Tail|Thunder Wave|p2a: Garganacl
|-immune|p2a: Garganacl|[from] ability: Purifying Salt
|
|-heal|p1a: Scream Tail|76/100|[from] item: Leftovers
|turn|10
|
|move|p1a: Scream Tail|Wish|p1a: Scream Tail
|move|p2a: Garganacl|Stealth Rock|p1a: Scream Tail
|-sidestart|p1: p1|move: Stealth Rock
|
|-heal|p1a: Scream Tail|82/100|[from] item: Leftovers
|turn|11
|
|-end|p1a: Scream Tail|Protosynthesis|[silent]
|switch|p1a: Landorus|Landorus-Therian, M|65/100
|-damage|p1a: Landorus|53/100|[from] Stealth Rock
|-ability|p1a: Landorus|Intimidate|boost
|-unboost|p2a: Garganacl|atk|1
|move|p2a: Garganacl|Salt Cure|p1a: Landorus
|-damage|p1a: Landorus|46/100
|-start|p1a: Landorus|Salt Cure
|
|-heal|p1a: Landorus|100/100|[from] move: Wish|[wisher] Scream Tail
|-damage|p1a: Landorus|88/100|[from] Salt Cure
|turn|12
|
|switch|p2a: Zapdos|Zapdos|100/100
|move|p1a: Landorus|Stealth Rock|p2a: Zapdos
|-sidestart|p2: p2|move: Stealth Rock
|
|-damage|p1a: Landorus|76/100|[from] Salt Cure
|turn|13
|
|move|p2a: Zapdos|Hurricane|p1a: Landorus|[miss]
|-miss|p2a: Zapdos|p1a: Landorus
|move|p1a: Landorus|U-turn|p2a: Zapdos
|-resisted|p2a: Zapdos
|-damage|p2a: Zapdos|89/100
|
|switch|p1a: Chien-Pao|Chien-Pao|100/100|[from] U-turn
|-ability|p1a: Chien-Pao|Sword of Ruin
|
|turn|14
|
|switch|p2a: Zamazenta|Zamazenta-Crowned|100/100
|-damage|p2a: Zamazenta|97/100|[from] Stealth Rock
|-ability|p2a: Zamazenta|Dauntless Shield|boost
|-boost|p2a: Zamazenta|def|1
|move|p1a: Chien-Pao|Icicle Crash|p2a: Zamazenta
|-resisted|p2a: Zamazenta
|-damage|p2a: Zamazenta|86/100
|
|turn|15
|
|switch|p1a: Skeledirge|Skeledirge, M|100/100
|switch|p2a: Basculegion|Basculegion-F, F|100/100
|-damage|p2a: Basculegion|88/100|[from] Stealth Rock
|
|turn|16
|
|switch|p1a: Samurott|Samurott-Hisui, F|70/100
|-damage|p1a: Samurott|57/100|[from] Stealth Rock
|move|p2a: Basculegion|Surf|p1a: Samurott
|-resisted|p1a: Samurott
|-damage|p1a: Samurott|15/100
|
|turn|17
|
|switch|p2a: Zapdos|Zapdos|89/100
|move|p1a: Samurott|Sucker Punch||[still]
|-fail|p1a: Samurott
|
|turn|18
|
|move|p2a: Zapdos|Volt Switch|p1a: Samurott
|-supereffective|p1a: Samurott
|-damage|p1a: Samurott|0 fnt
|faint|p1a: Samurott
|
|switch|p2a: Zamazenta|Zamazenta-Crowned|86/100|[from] Volt Switch
|-damage|p2a: Zamazenta|82/100|[from] Stealth Rock
|
|
|switch|p1a: Zapdos|Zapdos-Galar|100/100
|-damage|p1a: Zapdos|88/100|[from] Stealth Rock
|turn|19
|
|switch|p2a: Scream Tail|Scream Tail|100/100
|-damage|p2a: Scream Tail|88/100|[from] Stealth Rock
|move|p1a: Zapdos|Thunderous Kick|p2a: Scream Tail
|-resisted|p2a: Scream Tail
|-damage|p2a: Scream Tail|74/100
|-unboost|p2a: Scream Tail|def|1
|
|-heal|p2a: Scream Tail|80/100|[from] item: Leftovers
|turn|20
|
|switch|p1a: Skeledirge|Skeledirge, M|100/100
|-end|p2a: Scream Tail|Protosynthesis|[silent]
|switch|p2a: Basculegion|Basculegion-F, F|88/100
|-damage|p2a: Basculegion|76/100|[from] Stealth Rock
|
|turn|21
|
|switch|p1a: Scream Tail|Scream Tail|82/100
|-damage|p1a: Scream Tail|69/100|[from] Stealth Rock
|move|p2a: Basculegion|Surf|p1a: Scream Tail
|-damage|p1a: Scream Tail|7/100
|
|-heal|p1a: Scream Tail|13/100|[from] item: Leftovers
|turn|22
|
|switch|p2a: Zapdos|Zapdos|89/100
|move|p1a: Scream Tail|Wish|p1a: Scream Tail
|
|-heal|p1a: Scream Tail|19/100|[from] item: Leftovers
|turn|23
|
|switch|p2a: Garganacl|Garganacl, M|100/100
|-damage|p2a: Garganacl|88/100|[from] Stealth Rock
|move|p1a: Scream Tail|Dazzling Gleam|p2a: Garganacl
|-damage|p2a: Garganacl|75/100
|
|-heal|p1a: Scream Tail|69/100|[from] move: Wish|[wisher] Scream Tail
|-heal|p1a: Scream Tail|75/100|[from] item: Leftovers
|-heal|p2a: Garganacl|81/100|[from] item: Leftovers
|turn|24
|
|move|p1a: Scream Tail|Wish|p1a: Scream Tail
|move|p2a: Garganacl|Block|p1a: Scream Tail
|-activate|p1a: Scream Tail|trapped
|
|-heal|p1a: Scream Tail|82/100|[from] item: Leftovers
|-heal|p2a: Garganacl|88/100|[from] item: Leftovers
|turn|25
|
|move|p1a: Scream Tail|Encore|p2a: Garganacl
|-start|p2a: Garganacl|Encore
|move|p2a: Garganacl|Block||[still]
|-fail|p2a: Garganacl
|
|-heal|p1a: Scream Tail|100/100|[from] move: Wish|[wisher] Scream Tail
|-heal|p2a: Garganacl|94/100|[from] item: Leftovers
|turn|26
|
|switch|p2a: Scream Tail|Scream Tail|80/100
|-damage|p2a: Scream Tail|67/100|[from] Stealth Rock
|move|p1a: Scream Tail|Dazzling Gleam|p2a: Scream Tail
|-damage|p2a: Scream Tail|55/100
|
|-heal|p2a: Scream Tail|61/100|[from] item: Leftovers
|turn|27
|
|move|p1a: Scream Tail|Dazzling Gleam|p2a: Scream Tail
|-damage|p2a: Scream Tail|48/100
|move|p2a: Scream Tail|Encore|p1a: Scream Tail
|-start|p1a: Scream Tail|Encore
|
|-heal|p2a: Scream Tail|55/100|[from] item: Leftovers
|turn|28
|
|move|p1a: Scream Tail|Dazzling Gleam|p2a: Scream Tail
|-damage|p2a: Scream Tail|41/100
|move|p2a: Scream Tail|Wish|p2a: Scream Tail
|
|-heal|p2a: Scream Tail|48/100|[from] item: Leftovers
|turn|29
|
|move|p1a: Scream Tail|Dazzling Gleam|p2a: Scream Tail
|-damage|p2a: Scream Tail|34/100
|move|p2a: Scream Tail|Dazzling Gleam|p1a: Scream Tail
|-damage|p1a: Scream Tail|88/100
|
|-heal|p2a: Scream Tail|84/100|[from] move: Wish|[wisher] Scream Tail
|-heal|p1a: Scream Tail|94/100|[from] item: Leftovers
|-heal|p2a: Scream Tail|90/100|[from] item: Leftovers
|turn|30
|
|move|p1a: Scream Tail|Dazzling Gleam|p2a: Scream Tail
|-damage|p2a: Scream Tail|77/100
|move|p2a: Scream Tail|Wish|p2a: Scream Tail
|
|-heal|p1a: Scream Tail|100/100|[from] item: Leftovers
|-heal|p2a: Scream Tail|83/100|[from] item: Leftovers
|-end|p1a: Scream Tail|Encore
|turn|31
|
|-end|p2a: Scream Tail|Protosynthesis|[silent]
|switch|p2a: Basculegion|Basculegion-F, F|76/100
|-damage|p2a: Basculegion|64/100|[from] Stealth Rock
|move|p1a: Scream Tail|Encore||[still]
|-fail|p1a: Scream Tail
|
|-heal|p2a: Basculegion|100/100|[from] move: Wish|[wisher] Scream Tail
|turn|32
|
|move|p1a: Scream Tail|Thunder Wave|p2a: Basculegion
|-status|p2a: Basculegion|par
|cant|p2a: Basculegion|par
|
|turn|33
|
|move|p1a: Scream Tail|Dazzling Gleam|p2a: Basculegion
|-damage|p2a: Basculegion|77/100 par
|move|p2a: Basculegion|Shadow Ball|p1a: Scream Tail
|-supereffective|p1a: Scream Tail
|-damage|p1a: Scream Tail|0 fnt
|faint|p1a: Scream Tail
|-end|p1a: Scream Tail|Protosynthesis|[silent]
|
|
|switch|p1a: Chien-Pao|Chien-Pao|100/100
|-ability|p1a: Chien-Pao|Sword of Ruin
|turn|34
|
|switch|p2a: Zapdos|Zapdos|89/100
|move|p1a: Chien-Pao|Sacred Sword|p2a: Zapdos
|-resisted|p2a: Zapdos
|-damage|p2a: Zapdos|71/100
|
|turn|35
|
|switch|p2a: Zamazenta|Zamazenta-Crowned|82/100
|-damage|p2a: Zamazenta|79/100|[from] Stealth Rock
|move|p1a: Chien-Pao|Icicle Crash|p2a: Zamazenta
|-resisted|p2a: Zamazenta
|-damage|p2a: Zamazenta|62/100
|
|turn|36
|
|switch|p1a: Landorus|Landorus-Therian, M|76/100
|-damage|p1a: Landorus|63/100|[from] Stealth Rock
|-ability|p1a: Landorus|Intimidate|boost
|-unboost|p2a: Zamazenta|atk|1
|move|p2a: Zamazenta|Behemoth Bash|p1a: Landorus
|-damage|p1a: Landorus|44/100
|-damage|p2a: Zamazenta|46/100|[from] item: Rocky Helmet|[of] p1a: Landorus
|
|turn|37
|
|switch|p2a: Zapdos|Zapdos|71/100
|move|p1a: Landorus|U-turn|p2a: Zapdos
|-resisted|p2a: Zapdos
|-damage|p2a: Zapdos|60/100
|-status|p1a: Landorus|par|[from] ability: Static|[of] p2a: Zapdos
|
|switch|p1a: Chien-Pao|Chien-Pao|100/100|[from] U-turn
|-ability|p1a: Chien-Pao|Sword of Ruin
|
|turn|38
|
|-terastallize|p2a: Zapdos|Water
|move|p1a: Chien-Pao|Icicle Crash|p2a: Zapdos
|-resisted|p2a: Zapdos
|-damage|p2a: Zapdos|33/100
|move|p2a: Zapdos|Roost|p2a: Zapdos
|-heal|p2a: Zapdos|83/100
|
|turn|39
|
|-terastallize|p1a: Chien-Pao|Dark
|move|p1a: Chien-Pao|Crunch|p2a: Zapdos
|-damage|p2a: Zapdos|17/100
|-status|p1a: Chien-Pao|par|[from] ability: Static|[of] p2a: Zapdos
|move|p2a: Zapdos|Roost|p2a: Zapdos
|-heal|p2a: Zapdos|67/100
|
|turn|40
|
|move|p2a: Zapdos|Volt Switch|p1a: Chien-Pao
|-damage|p1a: Chien-Pao|54/100 par
|
|switch|p2a: Zamazenta|Zamazenta-Crowned|46/100|[from] Volt Switch
|-damage|p2a: Zamazenta|43/100|[from] Stealth Rock
|cant|p1a: Chien-Pao|par
|
|turn|41
|
|move|p2a: Zamazenta|Behemoth Bash|p1a: Chien-Pao
|-damage|p1a: Chien-Pao|0 fnt
|faint|p1a: Chien-Pao
|
|
|switch|p1a: Skeledirge|Skeledirge, M|100/100
|turn|42
|
|switch|p2a: Garganacl|Garganacl, M|94/100
|-damage|p2a: Garganacl|81/100|[from] Stealth Rock
|move|p1a: Skeledirge|Torch Song|p2a: Garganacl
|-resisted|p2a: Garganacl
|-damage|p2a: Garganacl|70/100
|-boost|p1a: Skeledirge|spa|1
|
|-heal|p2a: Garganacl|76/100|[from] item: Leftovers
|turn|43
|
|move|p1a: Skeledirge|Torch Song|p2a: Garganacl
|-resisted|p2a: Garganacl
|-damage|p2a: Garganacl|62/100
|-boost|p1a: Skeledirge|spa|1
|move|p2a: Garganacl|Salt Cure|p1a: Skeledirge
|-supereffective|p1a: Skeledirge
|-damage|p1a: Skeledirge|80/100
|-start|p1a: Skeledirge|Salt Cure
|
|-heal|p2a: Garganacl|68/100|[from] item: Leftovers
|-damage|p1a: Skeledirge|67/100|[from] Salt Cure
|turn|44
|
|move|p1a: Skeledirge|Torch Song|p2a: Garganacl
|-resisted|p2a: Garganacl
|-damage|p2a: Garganacl|47/100
|-boost|p1a: Skeledirge|spa|1
|move|p2a: Garganacl|Salt Cure|p1a: Skeledirge
|-supereffective|p1a: Skeledirge
|-damage|p1a: Skeledirge|43/100
|
|-heal|p2a: Garganacl|53/100|[from] item: Leftovers
|-damage|p1a: Skeledirge|31/100|[from] Salt Cure
|turn|45
|
|move|p1a: Skeledirge|Slack Off|p1a: Skeledirge
|-heal|p1a: Skeledirge|81/100
|move|p2a: Garganacl|Recover|p2a: Garganacl
|-heal|p2a: Garganacl|100/100
|
|-damage|p1a: Skeledirge|69/100|[from] Salt Cure
|turn|46
|
|move|p1a: Skeledirge|Slack Off|p1a: Skeledirge
|-heal|p1a: Skeledirge|100/100
|move|p2a: Garganacl|Salt Cure|p1a: Skeledirge
|-supereffective|p1a: Skeledirge
|-damage|p1a: Skeledirge|75/100
|
|-damage|p1a: Skeledirge|63/100|[from] Salt Cure
|turn|47
|
|move|p1a: Skeledirge|Torch Song|p2a: Garganacl
|-resisted|p2a: Garganacl
|-damage|p2a: Garganacl|75/100
|-boost|p1a: Skeledirge|spa|1
|move|p2a: Garganacl|Salt Cure|p1a: Skeledirge
|-supereffective|p1a: Skeledirge
|-damage|p1a: Skeledirge|39/100
|
|-heal|p2a: Garganacl|81/100|[from] item: Leftovers
|-damage|p1a: Skeledirge|27/100|[from] Salt Cure
|turn|48
|
|switch|p2a: Scream Tail|Scream Tail|83/100
|-damage|p2a: Scream Tail|70/100|[from] Stealth Rock
|move|p1a: Skeledirge|Slack Off|p1a: Skeledirge
|-heal|p1a: Skeledirge|77/100
|
|-heal|p2a: Scream Tail|77/100|[from] item: Leftovers
|-damage|p1a: Skeledirge|65/100|[from] Salt Cure
|turn|49
|
|move|p2a: Scream Tail|Encore|p1a: Skeledirge
|-start|p1a: Skeledirge|Encore
|move|p1a: Skeledirge|Slack Off|p1a: Skeledirge
|-heal|p1a: Skeledirge|100/100
|
|-heal|p2a: Scream Tail|83/100|[from] item: Leftovers
|-damage|p1a: Skeledirge|88/100|[from] Salt Cure
|turn|50
|
|switch|p1a: Zapdos|Zapdos-Galar|88/100
|-damage|p1a: Zapdos|76/100|[from] Stealth Rock
|move|p2a: Scream Tail|Dazzling Gleam|p1a: Zapdos
|-supereffective|p1a: Zapdos
|-damage|p1a: Zapdos|27/100
|
|-heal|p2a: Scream Tail|89/100|[from] item: Leftovers
|turn|51
|
|move|p2a: Scream Tail|Protect|p2a: Scream Tail
|-singleturn|p2a: Scream Tail|Protect
|move|p1a: Zapdos|Brave Bird|p2a: Scream Tail
|-activate|p2a: Scream Tail|move: Protect
|
|-heal|p2a: Scream Tail|95/100|[from] item: Leftovers
|turn|52
|
|move|p1a: Zapdos|Brave Bird|p2a: Scream Tail
|-damage|p2a: Scream Tail|27/100
|-damage|p1a: Zapdos|0 fnt|[from] Recoil
|faint|p1a: Zapdos
|move|p2a: Scream Tail|Dazzling Gleam|p1: Zapdos|[notarget]
|-fail|p2a: Scream Tail
|
|-heal|p2a: Scream Tail|33/100|[from] item: Leftovers
|
|switch|p1a: Skeledirge|Skeledirge, M|88/100
|turn|53
|
|move|p2a: Scream Tail|Protect|p2a: Scream Tail
|-singleturn|p2a: Scream Tail|Protect
|move|p1a: Skeledirge|Torch Song|p2a: Scream Tail
|-activate|p2a: Scream Tail|move: Protect
|
|-heal|p2a: Scream Tail|39/100|[from] item: Leftovers
|turn|54
|
|-end|p2a: Scream Tail|Protosynthesis|[silent]
|switch|p2a: Garganacl|Garganacl, M|81/100
|-damage|p2a: Garganacl|69/100|[from] Stealth Rock
|move|p1a: Skeledirge|Torch Song|p2a: Garganacl
|-resisted|p2a: Garganacl
|-damage|p2a: Garganacl|59/100
|-boost|p1a: Skeledirge|spa|1
|
|-heal|p2a: Garganacl|65/100|[from] item: Leftovers
|turn|55
|
|move|p1a: Skeledirge|Torch Song|p2a: Garganacl
|-resisted|p2a: Garganacl
|-damage|p2a: Garganacl|49/100
|-boost|p1a: Skeledirge|spa|1
|move|p2a: Garganacl|Salt Cure|p1a: Skeledirge
|-supereffective|p1a: Skeledirge
|-crit|p1a: Skeledirge
|-damage|p1a: Skeledirge|56/100
|-start|p1a: Skeledirge|Salt Cure
|
|-heal|p2a: Garganacl|55/100|[from] item: Leftovers
|-damage|p1a: Skeledirge|44/100|[from] Salt Cure
|turn|56
|
|move|p1a: Skeledirge|Earth Power|p2a: Garganacl
|-supereffective|p2a: Garganacl
|-damage|p2a: Garganacl|0 fnt
|faint|p2a: Garganacl
|
|-damage|p1a: Skeledirge|31/100|[from] Salt Cure
|
|switch|p2a: Zapdos|Zapdos, tera:Water|67/100
|turn|57
|
|switch|p1a: Landorus|Landorus-Therian, M|44/100 par
|-damage|p1a: Landorus|32/100 par|[from] Stealth Rock
|-ability|p1a: Landorus|Intimidate|boost
|-unboost|p2a: Zapdos|atk|1
|move|p2a: Zapdos|Thunderbolt|p1a: Landorus
|-immune|p1a: Landorus
|
|turn|58
|
|move|p2a: Zapdos|Hurricane|p1a: Landorus|[miss]
|-miss|p2a: Zapdos|p1a: Landorus
|move|p1a: Landorus|U-turn|p2a: Zapdos
|-damage|p2a: Zapdos|43/100
|
|switch|p1a: Skeledirge|Skeledirge, M|31/100|[from] U-turn
|
|turn|59
|
|move|p2a: Zapdos|Thunderbolt|p1a: Skeledirge
|-damage|p1a: Skeledirge|4/100
|move|p1a: Skeledirge|Slack Off|p1a: Skeledirge
|-heal|p1a: Skeledirge|54/100
|
|turn|60
|
|move|p2a: Zapdos|Volt Switch|p1a: Skeledirge
|-damage|p1a: Skeledirge|31/100
|
|switch|p2a: Basculegion|Basculegion-F, F|77/100 par|[from] Volt Switch
|-damage|p2a: Basculegion|65/100 par|[from] Stealth Rock
|move|p1a: Skeledirge|Slack Off|p1a: Skeledirge
|-heal|p1a: Skeledirge|81/100
|
|turn|61
|
|switch|p1a: Landorus|Landorus-Therian, M|32/100 par
|-damage|p1a: Landorus|20/100 par|[from] Stealth Rock
|-ability|p1a: Landorus|Intimidate|boost
|-unboost|p2a: Basculegion|atk|1
|move|p2a: Basculegion|Surf|p1a: Landorus
|-supereffective|p1a: Landorus
|-damage|p1a: Landorus|0 fnt
|faint|p1a: Landorus
|
|
|switch|p1a: Skeledirge|Skeledirge, M|81/100
|turn|62
|
|move|p1a: Skeledirge|Earth Power|p2a: Basculegion
|-damage|p2a: Basculegion|38/100 par
|move|p2a: Basculegion|Surf|p1a: Skeledirge
|-supereffective|p1a: Skeledirge
|-damage|p1a: Skeledirge|0 fnt
|faint|p1a: Skeledirge
|
|win|p2
