# advantage = p1
|poke|p1|Decidueye-Hisui, M|
|poke|p2|Electrode-Hisui|
|poke|p2|Zangoose, M|
|poke|p2|Tropius, F|
|poke|p2|Seviper, M|
|poke|p2|Enamorus, F|
|poke|p2|Heatran, M|
|teampreview
|
|start
|switch|p1a: Decidueye|Decidueye-Hisui, M|100/100
|switch|p2a: rip hellfrog|Heatran, M|100/100
|turn|1
|
|-terastallize|p1a: Decidueye|Ghost
|move|p1a: Decidueye|Shadow Sneak|p2a: rip hellfrog
|-damage|p2a: rip hellfrog|89/100
|move|p2a: rip hellfrog|Lava Plume|p1a: Decidueye
|-damage|p1a: Decidueye|78/100
|
|-heal|p2a: rip hellfrog|95/100|[from] item: Leftovers
|-heal|p1a: Decidueye|84/100|[from] item: Leftovers
|turn|2
|
|move|p2a: rip hellfrog|Lava Plume|p1a: Decidueye
|-damage|p1a: Decidueye|62/100
|move|p1a: Decidueye|Bulk Up|p1a: Decidueye
|-boost|p1a: Decidueye|atk|1
|-boost|p1a: Decidueye|def|1
|
|-heal|p2a: rip hellfrog|100/100|[from] item: Leftovers
|-heal|p1a: Decidueye|68/100|[from] item: Leftovers
|turn|3
|
|move|p2a: rip hellfrog|Lava Plume|p1a: Decidueye
|-damage|p1a: Decidueye|44/100
|move|p1a: Decidueye|Roost|p1a: Decidueye
|-heal|p1a: Decidueye|94/100
|
|-heal|p1a: Decidueye|100/100|[from] item: Leftovers
|turn|4
|
|move|p2a: rip hellfrog|Lava Plume|p1a: Decidueye
|-damage|p1a: Decidueye|77/100
|move|p1a: Decidueye|Triple Arrows|p2a: rip hellfrog
|-supereffective|p2a: rip hellfrog
|-damage|p2a: rip hellfrog|8/100
|
|-heal|p2a: rip hellfrog|15/100|[from] item: Leftovers
|-heal|p1a: Decidueye|83/100|[from] item: Leftovers
|turn|5
|
|move|p1a: Decidueye|Shadow Sneak|p2a: rip hellfrog
|-damage|p2a: rip hellfrog|0 fnt
|faint|p2a: rip hellfrog
|
|-heal|p1a: Decidueye|89/100|[from] item: Leftovers
|
|switch|p2a: the maddening ball|Electrode-Hisui|100/100
|turn|6
|
|move|p1a: Decidueye|Shadow Sneak|p2a: the maddening ball
|-damage|p2a: the maddening ball|55/100
|move|p2a: the maddening ball|Leech Seed|p1a: Decidueye
|-start|p1a: Decidueye|move: Leech Seed
|
|-heal|p1a: Decidueye|95/100|[from] item: Leftovers
|-damage|p1a: Decidueye|82/100|[from] Leech Seed|[of] p2a: the maddening ball
|-heal|p2a: the maddening ball|75/100|[silent]
|turn|7
|
|move|p2a: the maddening ball|Substitute|p2a: the maddening ball
|-start|p2a: the maddening ball|Substitute
|-damage|p2a: the maddening ball|50/100
|move|p1a: Decidueye|Bulk Up|p1a: Decidueye
|-boost|p1a: Decidueye|atk|1
|-boost|p1a: Decidueye|def|1
|
|-heal|p1a: Decidueye|88/100|[from] item: Leftovers
|-damage|p1a: Decidueye|76/100|[from] Leech Seed|[of] p2a: the maddening ball
|-heal|p2a: the maddening ball|71/100|[silent]
|turn|8
|
|move|p2a: the maddening ball|Discharge|p1a: Decidueye
|-damage|p1a: Decidueye|61/100
|-status|p1a: Decidueye|par
|move|p1a: Decidueye|Bulk Up|p1a: Decidueye
|-boost|p1a: Decidueye|atk|1
|-boost|p1a: Decidueye|def|1
|
|-heal|p1a: Decidueye|67/100 par|[from] item: Leftovers
|-damage|p1a: Decidueye|55/100 par|[from] Leech Seed|[of] p2a: the maddening ball
|-heal|p2a: the maddening ball|91/100|[silent]
|turn|9
|
|move|p2a: the maddening ball|Protect|p2a: the maddening ball
|-singleturn|p2a: the maddening ball|Protect
|move|p1a: Decidueye|Roost|p1a: Decidueye
|-heal|p1a: Decidueye|100/100 par
|
|-damage|p1a: Decidueye|88/100 par|[from] Leech Seed|[of] p2a: the maddening ball
|-heal|p2a: the maddening ball|100/100|[silent]
|turn|10
|
|move|p1a: Decidueye|Shadow Sneak|p2a: the maddening ball
|-end|p2a: the maddening ball|Substitute
|move|p2a: the maddening ball|Discharge|p1a: Decidueye
|-damage|p1a: Decidueye|74/100 par
|
|-heal|p1a: Decidueye|80/100 par|[from] item: Leftovers
|-damage|p1a: Decidueye|67/100 par|[from] Leech Seed|[of] p2a: the maddening ball
|turn|11
|
|move|p1a: Decidueye|Shadow Sneak|p2a: the maddening ball
|-damage|p2a: the maddening ball|32/100
|move|p2a: the maddening ball|Discharge|p1a: Decidueye
|-damage|p1a: Decidueye|51/100 par
|
|-heal|p1a: Decidueye|57/100 par|[from] item: Leftovers
|-damage|p1a: Decidueye|44/100 par|[from] Leech Seed|[of] p2a: the maddening ball
|-heal|p2a: the maddening ball|52/100|[silent]
|turn|12
|
|move|p2a: the maddening ball|Protect|p2a: the maddening ball
|-singleturn|p2a: the maddening ball|Protect
|move|p1a: Decidueye|Roost|p1a: Decidueye
|-heal|p1a: Decidueye|94/100 par
|
|-heal|p1a: Decidueye|100/100 par|[from] item: Leftovers
|-damage|p1a: Decidueye|88/100 par|[from] Leech Seed|[of] p2a: the maddening ball
|-heal|p2a: the maddening ball|72/100|[silent]
|turn|13
|
|switch|p2a: Zangose|Zangoose, M|100/100
|move|p1a: Decidueye|Shadow Sneak|p2a: Zangose
|-immune|p2a: Zangose
|
|-heal|p1a: Decidueye|94/100 par|[from] item: Leftovers
|-damage|p1a: Decidueye|82/100 par|[from] Leech Seed|[of] p2a: Zangose
|turn|14
|
|-terastallize|p2a: Zangose|Ghost
|move|p2a: Zangose|Belly Drum|p2a: Zangose
|-damage|p2a: Zangose|50/100
|-setboost|p2a: Zangose|atk|6|[from] move: Belly Drum
|-enditem|p2a: Zangose|Sitrus Berry|[eat]
|-heal|p2a: Zangose|75/100|[from] item: Sitrus Berry
|move|p1a: Decidueye|Triple Arrows|p2a: Zangose
|-crit|p2a: Zangose
|-damage|p2a: Zangose|0 fnt
|faint|p2a: Zangose
|
|-heal|p1a: Decidueye|88/100 par|[from] item: Leftovers
|
|switch|p2a: Sevper|Seviper, M|100/100
|turn|15
|
|move|p2a: Sevper|Coil|p2a: Sevper
|-boost|p2a: Sevper|atk|1
|-boost|p2a: Sevper|def|1
|-boost|p2a: Sevper|accuracy|1
|move|p1a: Decidueye|Bulk Up|p1a: Decidueye
|-boost|p1a: Decidueye|atk|1
|-boost|p1a: Decidueye|def|1
|
|-heal|p1a: Decidueye|94/100 par|[from] item: Leftovers
|-damage|p1a: Decidueye|82/100 par|[from] Leech Seed|[of] p2a: Sevper
|turn|16
|
|move|p2a: Sevper|Coil|p2a: Sevper
|-boost|p2a: Sevper|atk|1
|-boost|p2a: Sevper|def|1
|-boost|p2a: Sevper|accuracy|1
|cant|p1a: Decidueye|par
|
|-heal|p1a: Decidueye|88/100 par|[from] item: Leftovers
|-damage|p1a: Decidueye|75/100 par|[from] Leech Seed|[of] p2a: Sevper
|turn|17
|
|move|p2a: Sevper|Coil|p2a: Sevper
|-boost|p2a: Sevper|atk|1
|-boost|p2a: Sevper|def|1
|-boost|p2a: Sevper|accuracy|1
|move|p1a: Decidueye|Roost|p1a: Decidueye
|-heal|p1a: Decidueye|100/100 par
|
|-damage|p1a: Decidueye|88/100 par|[from] Leech Seed|[of] p2a: Sevper
|turn|18
|
|move|p2a: Sevper|Coil|p2a: Sevper
|-boost|p2a: Sevper|atk|1
|-boost|p2a: Sevper|def|1
|-boost|p2a: Sevper|accuracy|1
|cant|p1a: Decidueye|par
|
|-heal|p1a: Decidueye|94/100 par|[from] item: Leftovers
|-damage|p1a: Decidueye|82/100 par|[from] Leech Seed|[of] p2a: Sevper
|turn|19
|
|move|p2a: Sevper|Coil|p2a: Sevper
|-boost|p2a: Sevper|atk|1
|-boost|p2a: Sevper|def|1
|-boost|p2a: Sevper|accuracy|1
|move|p1a: Decidueye|Triple Arrows|p2a: Sevper
|-resisted|p2a: Sevper
|-damage|p2a: Sevper|80/100
|-unboost|p2a: Sevper|def|1
|
|-heal|p2a: Sevper|86/100|[from] item: Leftovers
|-heal|p1a: Decidueye|88/100 par|[from] item: Leftovers
|-damage|p1a: Decidueye|75/100 par|[from] Leech Seed|[of] p2a: Sevper
|-heal|p2a: Sevper|99/100|[silent]
|turn|20
|
|move|p2a: Sevper|Coil|p2a: Sevper
|-boost|p2a: Sevper|atk|1
|-boost|p2a: Sevper|def|1
|-boost|p2a: Sevper|accuracy|1
|cant|p1a: Decidueye|par
|
|-heal|p2a: Sevper|100/100|[from] item: Leftovers
|-heal|p1a: Decidueye|82/100 par|[from] item: Leftovers
|-damage|p1a: Decidueye|69/100 par|[from] Leech Seed|[of] p2a: Sevper
|turn|21
|
|move|p2a: Sevper|Gunk Shot|p1a: Decidueye
|-resisted|p1a: Decidueye
|-damage|p1a: Decidueye|40/100 par
|cant|p1a: Decidueye|par
|
|-heal|p1a: Decidueye|46/100 par|[from] item: Leftovers
|-damage|p1a: Decidueye|34/100 par|[from] Leech Seed|[of] p2a: Sevper
|turn|22
|
|move|p2a: Sevper|Gunk Shot|p1a: Decidueye
|-resisted|p1a: Decidueye
|-damage|p1a: Decidueye|5/100 par
|move|p1a: Decidueye|Roost|p1a: Decidueye
|-heal|p1a: Decidueye|55/100 par
|
|-heal|p1a: Decidueye|61/100 par|[from] item: Leftovers
|-damage|p1a: Decidueye|48/100 par|[from] Leech Seed|[of] p2a: Sevper
|turn|23
|
|move|p2a: Sevper|Gunk Shot|p1a: Decidueye
|-resisted|p1a: Decidueye
|-damage|p1a: Decidueye|15/100 par
|cant|p1a: Decidueye|par
|
|-heal|p1a: Decidueye|21/100 par|[from] item: Leftovers
|-damage|p1a: Decidueye|9/100 par|[from] Leech Seed|[of] p2a: Sevper
|turn|24
|
|move|p2a: Sevper|Gunk Shot|p1a: Decidueye
|-resisted|p1a: Decidueye
|-damage|p1a: Decidueye|0 fnt
|faint|p1a: Decidueye
|
|win|p2
