|poke|p1|Samurott-Hisui, F|
|poke|p1|Dragapult, F|
|poke|p1|Sneasler, F|
|poke|p1|Magearna|
|poke|p1|Volcarona, F|
|poke|p1|Zamazenta-*|
|poke|p2|Revavroom, M|
|poke|p2|Amoonguss, F|
|poke|p2|Arcanine-Hisui, M|
|poke|p2|Azumarill, F|
|poke|p2|Chesnaught, M|
|poke|p2|Slowking, F|
|teampreview
|
|start
|switch|p1a: Samurott|Samurott-Hisui, F|100/100
|switch|p2a: Slowking|Slowking, F|100/100
|turn|1
|
|move|p1a: Samurott|Ceaseless Edge|p2a: Slowking
|-supereffective|p2a: Slowking
|-damage|p2a: Slowking|0 fnt
|-sidestart|p2: Decidueye2912|Spikes
|faint|p2a: Slowking
|
|-message|Decidueye2912 forfeited.
|
|win|Early Gen Goat
