|poke|p1|Pelipper, F|
|poke|p1|Basculegion, M|
|poke|p1|Urshifu-*, M|
|poke|p1|Magearna|
|poke|p1|Volcanion|
|poke|p1|Landorus-Therian, M|
|poke|p2|Pelipper, M|
|poke|p2|Braviary-Hisui, M|
|poke|p2|Basculegion, M|
|poke|p2|Urshifu-*, M|
|poke|p2|Iron Treads|
|poke|p2|Amoonguss, F|
|teampreview
|
|start
|switch|p1a: Volcanion|Volcanion|100/100
|switch|p2a: Pelipper|Pelipper, M|100/100
|-weather|RainDance|[from] ability: Drizzle|[of] p2a: Pelipper
|turn|1
|
|move|p1a: Volcanion|Steam Eruption|p2a: Pelipper
|-resisted|p2a: Pelipper
|-damage|p2a: Pelipper|64/100
|move|p2a: Pelipper|U-turn|p1a: Volcanion
|-resisted|p1a: Volcanion
|-damage|p1a: Volcanion|97/100
|
|switch|p2a: Amoonguss|Amoonguss, F|100/100|[from] U-turn
|
|-weather|RainDance|[upkeep]
|turn|2
|
|switch|p1a: Pelipper|Pelipper, F|100/100
|move|p2a: Amoonguss|Spore|p1a: Pelipper
|-status|p1a: Pelipper|slp|[from] move: Spore
|
|-weather|RainDance|[upkeep]
|turn|3
|
|switch|p2a: Basculegion|Basculegion, M|100/100
|cant|p1a: Pelipper|slp
|
|-weather|RainDance|[upkeep]
|turn|4
|
|switch|p1a: Volcanion|Volcanion|97/100
|move|p2a: Basculegion|Wave Crash|p1a: Volcanion
|-heal|p1a: Volcanion|100/100|[from] ability: Water Absorb|[of] p2a: Basculegion
|
|-weather|RainDance|[upkeep]
|turn|5
|
|switch|p2a: Braviary|Braviary-Hisui, M, shiny|100/100
|move|p1a: Volcanion|Earth Power|p2a: Braviary
|-immune|p2a: Braviary
|
|-weather|RainDance|[upkeep]
|turn|6
|
|move|p2a: Braviary|Hurricane|p1a: Volcanion
|-damage|p1a: Volcanion|51/100
|move|p1a: Volcanion|Steam Eruption|p2a: Braviary
|-damage|p2a: Braviary|0 fnt
|faint|p2a: Braviary
|
|-weather|RainDance|[upkeep]
|
|switch|p2a: Iron Treads|Iron Treads|100/100
|turn|7
|
|move|p2a: Iron Treads|Thunder|p1a: Volcanion
|-supereffective|p1a: Volcanion
|-damage|p1a: Volcanion|20/100
|-status|p1a: Volcanion|par
|move|p1a: Volcanion|Steam Eruption|p2a: Iron Treads
|-supereffective|p2a: Iron Treads
|-damage|p2a: Iron Treads|0 fnt
|faint|p2a: Iron Treads
|-end|p2a: Iron Treads|Quark Drive|[silent]
|
|-weather|RainDance|[upkeep]
|
|switch|p2a: Urshifu|Urshifu-Rapid-Strike, M|100/100
|turn|8
|
|move|p2a: Urshifu|Surging Strikes|p1a: Volcanion
|-heal|p1a: Volcanion|45/100 par|[from] ability: Water Absorb|[of] p2a: Urshifu
|move|p1a: Volcanion|Earth Power|p2a: Urshifu
|-damage|p2a: Urshifu|57/100
|
|-weather|none
|turn|9
|
|switch|p2a: Pelipper|Pelipper, M|64/100
|-weather|RainDance|[from] ability: Drizzle|[of] p2a: Pelipper
|cant|p1a: Volcanion|par
|
|-weather|RainDance|[upkeep]
|turn|10
|
|switch|p1a: Magearna|Magearna|100/100
|move|p2a: Pelipper|Knock Off|p1a: Magearna
|-resisted|p1a: Magearna
|-damage|p1a: Magearna|95/100
|-enditem|p1a: Magearna|Choice Specs|[from] move: Knock Off|[of] p2a: Pelipper
|
|-weather|RainDance|[upkeep]
|turn|11
|
|switch|p2a: Amoonguss|Amoonguss, F|100/100
|move|p1a: Magearna|Volt Switch|p2a: Amoonguss
|-resisted|p2a: Amoonguss
|-damage|p2a: Amoonguss|86/100
|-enditem|p2a: Amoonguss|Eject Button
|
|switch|p2a: Basculegion|Basculegion, M|100/100
|
|-weather|RainDance|[upkeep]
|turn|12
|
|switch|p1a: Volcanion|Volcanion|45/100 par
|-terastallize|p2a: Basculegion|Ghost
|move|p2a: Basculegion|Tera Blast|p1a: Volcanion
|-crit|p1a: Volcanion
|-damage|p1a: Volcanion|0 fnt
|faint|p1a: Volcanion
|
|-weather|RainDance|[upkeep]
|
|switch|p1a: Landorus|Landorus-Therian, M|100/100
|-ability|p1a: Landorus|Intimidate|boost
|-unboost|p2a: Basculegion|atk|1
|turn|13
|
|switch|p2a: Amoonguss|Amoonguss, F|100/100
|move|p1a: Landorus|Stealth Rock|p2a: Amoonguss
|-sidestart|p2: No1MariaGoreySimp|move: Stealth Rock
|
|-weather|RainDance|[upkeep]
|turn|14
|
|move|p1a: Landorus|Extrasensory|p2a: Amoonguss
|-supereffective|p2a: Amoonguss
|-damage|p2a: Amoonguss|61/100
|move|p2a: Amoonguss|Spore|p1a: Landorus
|-message|Sleep Clause Mod activated.
|-hint|Sleep Clause Mod prevents players from putting more than one of their opponent's Pokémon to sleep at a time
|
|-weather|RainDance|[upkeep]
|turn|15
|
|move|p1a: Landorus|Extrasensory|p2a: Amoonguss
|-supereffective|p2a: Amoonguss
|-damage|p2a: Amoonguss|23/100
|move|p2a: Amoonguss|Foul Play|p1a: Landorus
|-damage|p1a: Landorus|80/100
|
|-weather|RainDance|[upkeep]
|-heal|p1a: Landorus|86/100|[from] item: Leftovers
|turn|16
|
|move|p1a: Landorus|U-turn|p2a: Amoonguss
|-damage|p2a: Amoonguss|9/100
|
|switch|p1a: Magearna|Magearna|95/100|[from] U-turn
|move|p2a: Amoonguss|Foul Play|p1a: Magearna
|-resisted|p1a: Magearna
|-damage|p1a: Magearna|87/100
|
|-weather|none
|turn|17
|
|switch|p2a: Pelipper|Pelipper, M|64/100
|-damage|p2a: Pelipper|40/100|[from] Stealth Rock
|-weather|RainDance|[from] ability: Drizzle|[of] p2a: Pelipper
|move|p1a: Magearna|Volt Switch|p2a: Pelipper
|-supereffective|p2a: Pelipper
|-crit|p2a: Pelipper
|-damage|p2a: Pelipper|0 fnt
|faint|p2a: Pelipper
|-ability|p1a: Magearna|Soul-Heart|boost
|-boost|p1a: Magearna|spa|1
|
|switch|p1a: Basculegion|Basculegion, M|100/100|[from] Volt Switch
|
|-weather|RainDance|[upkeep]
|
|switch|p2a: Basculegion|Basculegion, M, tera:Ghost|100/100
|-damage|p2a: Basculegion|88/100|[from] Stealth Rock
|turn|18
|
|switch|p1a: Landorus|Landorus-Therian, M|86/100
|-ability|p1a: Landorus|Intimidate|boost
|-unboost|p2a: Basculegion|atk|1
|move|p2a: Basculegion|Tera Blast|p1a: Landorus
|-damage|p1a: Landorus|50/100
|
|-weather|RainDance|[upkeep]
|-heal|p1a: Landorus|56/100|[from] item: Leftovers
|turn|19
|
|switch|p2a: Amoonguss|Amoonguss, F|42/100
|-damage|p2a: Amoonguss|30/100|[from] Stealth Rock
|move|p1a: Landorus|Extrasensory|p2a: Amoonguss
|-supereffective|p2a: Amoonguss
|-damage|p2a: Amoonguss|0 fnt
|faint|p2a: Amoonguss
|
|-weather|RainDance|[upkeep]
|-heal|p1a: Landorus|62/100|[from] item: Leftovers
|
|switch|p2a: Urshifu|Urshifu-Rapid-Strike, M|57/100
|-damage|p2a: Urshifu|50/100|[from] Stealth Rock
|turn|20
|
|switch|p1a: Urshifu|Urshifu-Rapid-Strike, M|100/100
|move|p2a: Urshifu|Surging Strikes|p1a: Urshifu
|-resisted|p1a: Urshifu
|-crit|p1a: Urshifu
|-damage|p1a: Urshifu|86/100
|-resisted|p1a: Urshifu
|-crit|p1a: Urshifu
|-damage|p1a: Urshifu|71/100
|-resisted|p1a: Urshifu
|-crit|p1a: Urshifu
|-damage|p1a: Urshifu|56/100
|-hitcount|p1a: Urshifu|3
|
|-weather|RainDance|[upkeep]
|turn|21
|
|move|p2a: Urshifu|Surging Strikes|p1a: Urshifu
|-resisted|p1a: Urshifu
|-crit|p1a: Urshifu
|-damage|p1a: Urshifu|42/100
|-resisted|p1a: Urshifu
|-crit|p1a: Urshifu
|-damage|p1a: Urshifu|29/100
|-resisted|p1a: Urshifu
|-crit|p1a: Urshifu
|-damage|p1a: Urshifu|13/100
|-hitcount|p1a: Urshifu|3
|move|p1a: Urshifu|Trailblaze|p2a: Urshifu
|-supereffective|p2a: Urshifu
|-damage|p2a: Urshifu|13/100
|-boost|p1a: Urshifu|spe|1
|
|-weather|RainDance|[upkeep]
|turn|22
|
|move|p1a: Urshifu|Trailblaze|p2a: Urshifu
|-supereffective|p2a: Urshifu
|-damage|p2a: Urshifu|0 fnt
|-boost|p1a: Urshifu|spe|1
|faint|p2a: Urshifu
|
|-weather|RainDance|[upkeep]
|
|switch|p2a: Basculegion|Basculegion, M, tera:Ghost|88/100
|-damage|p2a: Basculegion|76/100|[from] Stealth Rock
|turn|23
|
|-terastallize|p1a: Urshifu|Water
|move|p1a: Urshifu|Surging Strikes|p2a: Basculegion
|-crit|p2a: Basculegion
|-damage|p2a: Basculegion|16/100
|-crit|p2a: Basculegion
|-damage|p2a: Basculegion|0 fnt
|faint|p2a: Basculegion
|-hitcount|p2: Basculegion|2
|
|win|Boom17
