|poke|p1|Slowking-Galar, F|
|poke|p1|Magearna|
|poke|p1|Dragapult, F|
|poke|p1|Chien-Pao|
|poke|p1|Great Tusk|
|poke|p1|Lilligant-Hisui, F|
|poke|p2|Torkoal, F|
|poke|p2|Lilligant-Hisui, F|
|poke|p2|Great Tusk|
|poke|p2|Walking Wake|
|poke|p2|Goodra-Hisui, F|
|poke|p2|Kleavor, F|
|teampreview
|
|start
|switch|p1a: Dragapult|Dragapult, F|100/100
|switch|p2a: Kleavor|Kleavor, F|100/100
|turn|1
|
|switch|p1a: Great Tusk|Great Tusk|100/100
|move|p2a: Kleavor|Stone Axe|p1a: Great Tusk
|-resisted|p1a: Great Tusk
|-damage|p1a: Great Tusk|94/100
|-sidestart|p1: Antoooune|move: Stealth Rock
|
|-heal|p1a: Great Tusk|100/100|[from] item: Leftovers
|turn|2
|
|switch|p2a: Torkoal|Torkoal, F|100/100
|-weather|SunnyDay|[from] ability: Drought|[of] p2a: Torkoal
|-activate|p1a: Great Tusk|ability: Protosynthesis
|-start|p1a: Great Tusk|protosynthesisdef
|move|p1a: Great Tusk|Rapid Spin|p2a: Torkoal
|-damage|p2a: Torkoal|91/100
|-boost|p1a: Great Tusk|spe|1
|-sideend|p1: Antoooune|Stealth Rock|[from] move: Rapid Spin|[of] p1a: Great Tusk
|
|-weather|SunnyDay|[upkeep]
|turn|3
|
|switch|p2a: Lilligant|Lilligant-Hisui, F|100/100
|move|p1a: Great Tusk|Earthquake|p2a: Lilligant
|-resisted|p2a: Lilligant
|-damage|p2a: Lilligant|67/100
|
|-weather|SunnyDay|[upkeep]
|turn|4
|
|move|p2a: Lilligant|Victory Dance|p2a: Lilligant
|-boost|p2a: Lilligant|atk|1
|-boost|p2a: Lilligant|def|1
|-boost|p2a: Lilligant|spe|1
|move|p1a: Great Tusk|Earthquake|p2a: Lilligant
|-resisted|p2a: Lilligant
|-damage|p2a: Lilligant|45/100
|
|-weather|SunnyDay|[upkeep]
|turn|5
|
|-terastallize|p1a: Great Tusk|Fire
|move|p2a: Lilligant|Leaf Blade|p1a: Great Tusk
|-resisted|p1a: Great Tusk
|-damage|p1a: Great Tusk|90/100
|move|p1a: Great Tusk|Earthquake|p2a: Lilligant
|-resisted|p2a: Lilligant
|-damage|p2a: Lilligant|25/100
|
|-weather|SunnyDay|[upkeep]
|-heal|p1a: Great Tusk|96/100|[from] item: Leftovers
|turn|6
|
|move|p2a: Lilligant|Axe Kick|p1a: Great Tusk
|-damage|p1a: Great Tusk|63/100
|move|p1a: Great Tusk|Earthquake|p2a: Lilligant
|-resisted|p2a: Lilligant
|-damage|p2a: Lilligant|2/100
|
|-weather|SunnyDay|[upkeep]
|-heal|p1a: Great Tusk|69/100|[from] item: Leftovers
|turn|7
|
|switch|p2a: Walking Wake|Walking Wake|100/100
|-activate|p2a: Walking Wake|ability: Protosynthesis
|-start|p2a: Walking Wake|protosynthesisspe
|move|p1a: Great Tusk|Rapid Spin|p2a: Walking Wake
|-damage|p2a: Walking Wake|84/100
|-boost|p1a: Great Tusk|spe|1
|
|-weather|SunnyDay|[upkeep]
|-heal|p1a: Great Tusk|76/100|[from] item: Leftovers
|turn|8
|
|-end|p1a: Great Tusk|Protosynthesis|[silent]
|switch|p1a: Slowking|Slowking-Galar, F|100/100
|move|p2a: Walking Wake|Hydro Steam|p1a: Slowking
|-damage|p1a: Slowking|67/100
|
|-weather|SunnyDay|[upkeep]
|turn|9
|
|move|p2a: Walking Wake|Hydro Steam|p1a: Slowking
|-crit|p1a: Slowking
|-damage|p1a: Slowking|16/100
|move|p1a: Slowking|Sludge Bomb|p2a: Walking Wake
|-damage|p2a: Walking Wake|47/100
|
|-weather|none
|-end|p2a: Walking Wake|Protosynthesis
|turn|10
|
|switch|p1a: Dragapult|Dragapult, F|100/100
|move|p2a: Walking Wake|Hydro Steam|p1a: Dragapult
|-resisted|p1a: Dragapult
|-damage|p1a: Dragapult|62/100
|
|turn|11
|
|-end|p2a: Walking Wake|Protosynthesis|[silent]
|switch|p2a: Lilligant|Lilligant-Hisui, F|2/100
|move|p1a: Dragapult|U-turn|p2a: Lilligant
|-damage|p2a: Lilligant|0 fnt
|faint|p2a: Lilligant
|
|switch|p1a: Chien-Pao|Chien-Pao|100/100|[from] U-turn
|-ability|p1a: Chien-Pao|Sword of Ruin
|
|
|switch|p2a: Torkoal|Torkoal, F|91/100
|-weather|SunnyDay|[from] ability: Drought|[of] p2a: Torkoal
|turn|12
|
|switch|p1a: Slowking|Slowking-Galar, F|49/100
|move|p2a: Torkoal|Yawn|p1a: Slowking
|-start|p1a: Slowking|move: Yawn|[of] p2a: Torkoal
|
|-weather|SunnyDay|[upkeep]
|turn|13
|
|switch|p1a: Great Tusk|Great Tusk, tera:Fire|76/100
|-activate|p1a: Great Tusk|ability: Protosynthesis
|-start|p1a: Great Tusk|protosynthesisdef
|move|p2a: Torkoal|Stealth Rock|p1a: Great Tusk
|-sidestart|p1: Antoooune|move: Stealth Rock
|
|-weather|SunnyDay|[upkeep]
|-heal|p1a: Great Tusk|82/100|[from] item: Leftovers
|turn|14
|
|switch|p2a: Walking Wake|Walking Wake|47/100
|-activate|p2a: Walking Wake|ability: Protosynthesis
|-start|p2a: Walking Wake|protosynthesisspe
|move|p1a: Great Tusk|Earthquake|p2a: Walking Wake
|-crit|p2a: Walking Wake
|-damage|p2a: Walking Wake|0 fnt
|faint|p2a: Walking Wake
|-end|p2a: Walking Wake|Protosynthesis|[silent]
|
|-weather|SunnyDay|[upkeep]
|-heal|p1a: Great Tusk|88/100|[from] item: Leftovers
|
|switch|p2a: Great Tusk|Great Tusk|100/100
|-activate|p2a: Great Tusk|ability: Protosynthesis
|-start|p2a: Great Tusk|protosynthesisspe
|turn|15
|
|-end|p1a: Great Tusk|Protosynthesis|[silent]
|switch|p1a: Lilligant|Lilligant-Hisui, F|100/100
|-damage|p1a: Lilligant|94/100|[from] Stealth Rock
|move|p2a: Great Tusk|Knock Off|p1a: Lilligant
|-resisted|p1a: Lilligant
|-damage|p1a: Lilligant|63/100
|-enditem|p1a: Lilligant|Life Orb|[from] move: Knock Off|[of] p2a: Great Tusk
|
|-weather|SunnyDay|[upkeep]
|turn|16
|
|-end|p2a: Great Tusk|Protosynthesis|[silent]
|switch|p2a: Torkoal|Torkoal, F|91/100
|move|p1a: Lilligant|Sleep Powder|p2a: Torkoal
|-status|p2a: Torkoal|slp|[from] move: Sleep Powder
|
|-weather|SunnyDay|[upkeep]
|turn|17
|
|switch|p2a: Great Tusk|Great Tusk|100/100
|-activate|p2a: Great Tusk|ability: Protosynthesis
|-start|p2a: Great Tusk|protosynthesisspe
|move|p1a: Lilligant|Sleep Powder|p2a: Great Tusk
|-message|Sleep Clause Mod activated.
|-hint|Sleep Clause Mod prevents players from putting more than one of their opponent's Pokémon to sleep at a time
|
|-weather|SunnyDay|[upkeep]
|turn|18
|
|move|p2a: Great Tusk|Knock Off|p1a: Lilligant
|-resisted|p1a: Lilligant
|-damage|p1a: Lilligant|40/100
|move|p1a: Lilligant|Leaf Blade|p2a: Great Tusk|[miss]
|-miss|p1a: Lilligant|p2a: Great Tusk
|
|-weather|SunnyDay|[upkeep]
|turn|19
|
|move|p2a: Great Tusk|Knock Off|p1a: Lilligant
|-resisted|p1a: Lilligant
|-damage|p1a: Lilligant|19/100
|move|p1a: Lilligant|Leaf Blade|p2a: Great Tusk|[miss]
|-miss|p1a: Lilligant|p2a: Great Tusk
|
|-weather|none
|-end|p2a: Great Tusk|Protosynthesis
|turn|20
|
|move|p1a: Lilligant|Victory Dance|p1a: Lilligant
|-boost|p1a: Lilligant|atk|1
|-boost|p1a: Lilligant|def|1
|-boost|p1a: Lilligant|spe|1
|move|p2a: Great Tusk|Knock Off|p1a: Lilligant
|-resisted|p1a: Lilligant
|-damage|p1a: Lilligant|6/100
|
|turn|21
|
|-end|p2a: Great Tusk|Protosynthesis|[silent]
|switch|p2a: Torkoal|Torkoal, F|91/100 slp
|-weather|SunnyDay|[from] ability: Drought|[of] p2a: Torkoal
|move|p1a: Lilligant|Leaf Blade|p2a: Torkoal
|-resisted|p2a: Torkoal
|-damage|p2a: Torkoal|62/100 slp
|
|-weather|SunnyDay|[upkeep]
|turn|22
|
|move|p1a: Lilligant|Victory Dance|p1a: Lilligant
|-boost|p1a: Lilligant|atk|1
|-boost|p1a: Lilligant|def|1
|-boost|p1a: Lilligant|spe|1
|cant|p2a: Torkoal|slp
|
|-weather|SunnyDay|[upkeep]
|turn|23
|
|move|p1a: Lilligant|Close Combat|p2a: Torkoal
|-damage|p2a: Torkoal|0 fnt
|-unboost|p1a: Lilligant|def|1
|-unboost|p1a: Lilligant|spd|1
|faint|p2a: Torkoal
|
|-weather|SunnyDay|[upkeep]
|
|switch|p2a: Great Tusk|Great Tusk|100/100
|-activate|p2a: Great Tusk|ability: Protosynthesis
|-start|p2a: Great Tusk|protosynthesisspe
|turn|24
|
|move|p1a: Lilligant|Leaf Blade|p2a: Great Tusk
|-supereffective|p2a: Great Tusk
|-damage|p2a: Great Tusk|0 fnt
|faint|p2a: Great Tusk
|-end|p2a: Great Tusk|Protosynthesis|[silent]
|
|-weather|SunnyDay|[upkeep]
|
|switch|p2a: Kleavor|Kleavor, F|100/100
|turn|25
|
|move|p1a: Lilligant|Leaf Blade|p2a: Kleavor
|-enditem|p2a: Kleavor|Focus Sash
|-damage|p2a: Kleavor|1/100
|move|p2a: Kleavor|U-turn|p1a: Lilligant
|-damage|p1a: Lilligant|0 fnt
|faint|p1a: Lilligant
|
|switch|p2a: Goodra|Goodra-Hisui, F|100/100|[from] U-turn
|
|-weather|SunnyDay|[upkeep]
|
|switch|p1a: Great Tusk|Great Tusk, tera:Fire|88/100
|-damage|p1a: Great Tusk|63/100|[from] Stealth Rock
|-activate|p1a: Great Tusk|ability: Protosynthesis
|-start|p1a: Great Tusk|protosynthesisdef
|turn|26
|
|-terastallize|p2a: Goodra|Water
|move|p1a: Great Tusk|Earthquake|p2a: Goodra
|-damage|p2a: Goodra|65/100
|move|p2a: Goodra|Acid Spray|p1a: Great Tusk
|-damage|p1a: Great Tusk|47/100
|-unboost|p1a: Great Tusk|spd|2
|
|-weather|SunnyDay|[upkeep]
|-heal|p1a: Great Tusk|53/100|[from] item: Leftovers
|-heal|p2a: Goodra|71/100|[from] item: Leftovers
|turn|27
|
|move|p1a: Great Tusk|Rapid Spin|p2a: Goodra
|-damage|p2a: Goodra|58/100
|-boost|p1a: Great Tusk|spe|1
|-sideend|p1: Antoooune|Stealth Rock|[from] move: Rapid Spin|[of] p1a: Great Tusk
|move|p2a: Goodra|Fire Blast|p1a: Great Tusk|[miss]
|-miss|p2a: Goodra|p1a: Great Tusk
|
|-weather|SunnyDay|[upkeep]
|-heal|p1a: Great Tusk|59/100|[from] item: Leftovers
|-heal|p2a: Goodra|65/100|[from] item: Leftovers
|turn|28
|
|move|p1a: Great Tusk|Knock Off|p2a: Goodra
|-crit|p2a: Goodra
|-damage|p2a: Goodra|31/100
|-enditem|p2a: Goodra|Leftovers|[from] move: Knock Off|[of] p1a: Great Tusk
|move|p2a: Goodra|Thunderbolt|p1a: Great Tusk
|-damage|p1a: Great Tusk|0 fnt
|faint|p1a: Great Tusk
|-end|p1a: Great Tusk|Protosynthesis|[silent]
|
|-weather|none
|
|switch|p1a: Chien-Pao|Chien-Pao|100/100
|-ability|p1a: Chien-Pao|Sword of Ruin
|turn|29
|
|move|p1a: Chien-Pao|Crunch|p2a: Goodra
|-damage|p2a: Goodra|0 fnt
|faint|p2a: Goodra
|
|
|switch|p2a: Kleavor|Kleavor, F|1/100
|turn|30
|
|move|p1a: Chien-Pao|Crunch|p2a: Kleavor
|-damage|p2a: Kleavor|0 fnt
|faint|p2a: Kleavor
|
|win|Antoooune
|l|☆looow4
|j|☆looow4
|player|p2|looow4|whitney
