|poke|p1|Zamazenta-*|
|poke|p1|Chien-Pao|
|poke|p1|Landorus-Therian, M|
|poke|p1|Magearna|
|poke|p1|Gholdengo|
|poke|p1|Iron Valiant|
|poke|p2|Ursaluna, M|
|poke|p2|Magearna|
|poke|p2|Slowking, M|
|poke|p2|Crabominable, M|
|poke|p2|Cinderace, M|
|poke|p2|Hoopa|
|teampreview
|
|start
|switch|p1a: Landorus|Landorus-Therian, M|100/100
|switch|p2a: Hoopa|Hoopa|100/100
|-ability|p1a: Landorus|Intimidate|boost
|-unboost|p2a: Hoopa|atk|1
|turn|1
|
|move|p1a: Landorus|Taunt|p2a: Hoopa
|-start|p2a: Hoopa|move: Taunt
|cant|p2a: Hoopa|move: Taunt|Trick Room
|
|turn|2
|
|switch|p2a: Slowking|Slowking, M|100/100
|move|p1a: Landorus|Stealth Rock|p2a: Slowking
|-sidestart|p2: p2|move: Stealth Rock
|
|turn|3
|
|move|p1a: Landorus|Taunt|p2a: Slowking
|-start|p2a: Slowking|move: Taunt
|move|p2a: Slowking|Surf|p1a: Landorus
|-supereffective|p1a: Landorus
|-damage|p1a: Landorus|25/100
|
|turn|4
|
|move|p1a: Landorus|Earthquake|p2a: Slowking
|-damage|p2a: Slowking|62/100
|move|p2a: Slowking|Surf|p1a: Landorus
|-supereffective|p1a: Landorus
|-damage|p1a: Landorus|0 fnt
|faint|p1a: Landorus
|
|
|switch|p1a: Gholdengo|Gholdengo|100/100
|-item|p1a: Gholdengo|Air Balloon
|turn|5
|
|switch|p2a: Cinderace|Cinderace, M|100/100
|move|p1a: Gholdengo|Nasty Plot|p1a: Gholdengo
|-boost|p1a: Gholdengo|spa|2
|
|turn|6
|
|-terastallize|p1a: Gholdengo|Fighting
|move|p2a: Cinderace|Court Change|p2a: Cinderace
|-start|p2a: Cinderace|typechange|Normal|[from] ability: Libero
|-swapsideconditions
|-activate|p2a: Cinderace|move: Court Change
|move|p1a: Gholdengo|Shadow Ball|p2a: Cinderace
|-immune|p2a: Cinderace
|
|turn|7
|
|move|p2a: Cinderace|Pyro Ball|p1a: Gholdengo|[miss]
|-miss|p2a: Cinderace|p1a: Gholdengo
|move|p1a: Gholdengo|Make It Rain|p2a: Cinderace
|-crit|p2a: Cinderace
|-damage|p2a: Cinderace|0 fnt
|-unboost|p1a: Gholdengo|spa|1
|faint|p2a: Cinderace
|
|
|switch|p2a: Hoopa|Hoopa|100/100
|turn|8
|
|move|p1a: Gholdengo|Shadow Ball|p2a: Hoopa
|-supereffective|p2a: Hoopa
|-enditem|p2a: Hoopa|Focus Sash
|-damage|p2a: Hoopa|1/100
|move|p2a: Hoopa|Trick Room|p2a: Hoopa
|-fieldstart|move: Trick Room|[of] p2a: Hoopa
|
|turn|9
|
|move|p2a: Hoopa|Destiny Bond|p2a: Hoopa
|-singlemove|p2a: Hoopa|Destiny Bond
|move|p1a: Gholdengo|Shadow Ball|p2a: Hoopa
|-supereffective|p2a: Hoopa
|-damage|p2a: Hoopa|0 fnt
|faint|p2a: Hoopa
|-activate|p2a: Hoopa|move: Destiny Bond
|faint|p1a: Gholdengo
|
|
|switch|p2a: Magearna|Magearna|100/100
|switch|p1a: Zamazenta|Zamazenta, shiny|100/100
|-damage|p1a: Zamazenta|94/100|[from] Stealth Rock
|-ability|p1a: Zamazenta|Dauntless Shield|boost
|-boost|p1a: Zamazenta|def|1
|turn|10
|
|switch|p1a: Chien-Pao|Chien-Pao|100/100
|-damage|p1a: Chien-Pao|76/100|[from] Stealth Rock
|-ability|p1a: Chien-Pao|Sword of Ruin
|move|p2a: Magearna|Fleur Cannon|p1a: Chien-Pao
|-supereffective|p1a: Chien-Pao
|-damage|p1a: Chien-Pao|0 fnt
|-unboost|p2a: Magearna|spa|2
|-enditem|p2a: Magearna|Eject Pack
|faint|p1a: Chien-Pao
|-ability|p2a: Magearna|Soul-Heart|boost
|-boost|p2a: Magearna|spa|1
|
|switch|p2a: Ursaluna|Ursaluna, M|100/100
|
|-status|p2a: Ursaluna|brn|[from] item: Flame Orb
|
|switch|p1a: Zamazenta|Zamazenta, shiny|94/100
|-damage|p1a: Zamazenta|88/100|[from] Stealth Rock
|turn|11
|
|switch|p2a: Slowking|Slowking, M|95/100
|move|p1a: Zamazenta|Body Press|p2a: Slowking
|-resisted|p2a: Slowking
|-crit|p2a: Slowking
|-damage|p2a: Slowking|79/100
|
|-heal|p1a: Zamazenta|94/100|[from] item: Leftovers
|turn|12
|
|move|p1a: Zamazenta|Substitute|p1a: Zamazenta
|-start|p1a: Zamazenta|Substitute
|-damage|p1a: Zamazenta|69/100
|move|p2a: Slowking|Psychic|p1a: Zamazenta
|-supereffective|p1a: Zamazenta
|-end|p1a: Zamazenta|Substitute
|
|-heal|p1a: Zamazenta|76/100|[from] item: Leftovers
|-fieldend|move: Trick Room
|turn|13
|
|switch|p1a: Magearna|Magearna|100/100
|-damage|p1a: Magearna|94/100|[from] Stealth Rock
|move|p2a: Slowking|Trick Room|p2a: Slowking
|-fieldstart|move: Trick Room|[of] p2a: Slowking
|
|-heal|p1a: Magearna|100/100|[from] item: Leftovers
|turn|14
|
|move|p1a: Magearna|Calm Mind|p1a: Magearna
|-boost|p1a: Magearna|spa|1
|-boost|p1a: Magearna|spd|1
|move|p2a: Slowking|Chilly Reception|p2a: Slowking
|-weather|Snow
|
|switch|p2a: Ursaluna|Ursaluna, M|100/100 brn|[from] Chilly Reception
|
|-weather|Snow|[upkeep]
|-damage|p2a: Ursaluna|94/100 brn|[from] brn
|turn|15
|-message|p1 forfeited.
|
|win|p2
