|poke|p1|Tyranitar, F|
|poke|p1|Corviknight, M|
|poke|p1|Dondozo, M|
|poke|p1|Heatran, M|
|poke|p1|Amoonguss, F|
|poke|p1|Chien-Pao|
|poke|p2|Urshifu-*, F|
|poke|p2|Slowking-Galar, M|
|poke|p2|Great Tusk|
|poke|p2|Dragapult, M|
|poke|p2|Zapdos|
|poke|p2|Garganacl, F|
|teampreview
|
|start
|switch|p1a: Chien-Pao|Chien-Pao|100/100
|switch|p2a: Great Tusk|Great Tusk|100/100
|-ability|p1a: Chien-Pao|Sword of Ruin
|turn|1
|
|-end|p2a: Great Tusk|Protosynthesis|[silent]
|switch|p2a: Garganacl|Garganacl, F|100/100
|move|p1a: Chien-Pao|Icicle Crash|p2a: Garganacl
|-damage|p2a: Garganacl|47/100
|
|-heal|p2a: Garganacl|53/100|[from] item: Leftovers
|turn|2
|
|move|p1a: Chien-Pao|Icicle Crash|p2a: Garganacl
|-damage|p2a: Garganacl|0 fnt
|faint|p2a: Garganacl
|
|
|switch|p2a: Great Tusk|Great Tusk|100/100
|turn|3
|
|switch|p1a: Amoonguss|Amoonguss, F|100/100
|-terastallize|p2a: Great Tusk|Water
|move|p2a: Great Tusk|Knock Off|p1a: Amoonguss
|-damage|p1a: Amoonguss|80/100
|-damage|p2a: Great Tusk|84/100|[from] item: Rocky Helmet|[of] p1a: Amoonguss
|-enditem|p1a: Amoonguss|Rocky Helmet|[from] move: Knock Off|[of] p2a: Great Tusk
|
|-heal|p2a: Great Tusk|90/100|[from] item: Leftovers
|turn|4
|
|move|p2a: Great Tusk|Earthquake|p1a: Amoonguss
|-damage|p1a: Amoonguss|48/100
|move|p1a: Amoonguss|Spore|p2a: Great Tusk
|-status|p2a: Great Tusk|slp|[from] move: Spore
|
|-heal|p2a: Great Tusk|96/100 slp|[from] item: Leftovers
|turn|5
|
|cant|p2a: Great Tusk|slp
|move|p1a: Amoonguss|Giga Drain|p2a: Great Tusk
|-supereffective|p2a: Great Tusk
|-damage|p2a: Great Tusk|36/100 slp
|-heal|p1a: Amoonguss|79/100|[from] drain|[of] p2a: Great Tusk
|
|-heal|p2a: Great Tusk|42/100 slp|[from] item: Leftovers
|turn|6
|
|switch|p1a: Chien-Pao|Chien-Pao|100/100
|-ability|p1a: Chien-Pao|Sword of Ruin
|-curestatus|p2a: Great Tusk|slp|[msg]
|move|p2a: Great Tusk|Earthquake|p1a: Chien-Pao
|-damage|p1a: Chien-Pao|46/100
|
|-heal|p2a: Great Tusk|48/100|[from] item: Leftovers
|turn|7
|
|-terastallize|p1a: Chien-Pao|Dark
|move|p1a: Chien-Pao|Crunch|p2a: Great Tusk
|-damage|p2a: Great Tusk|0 fnt
|faint|p2a: Great Tusk
|-end|p2a: Great Tusk|Protosynthesis|[silent]
|
|
|switch|p2a: Zapdos|Zapdos|100/100
|turn|8
|
|switch|p1a: Tyranitar|Tyranitar, F|100/100
|-weather|Sandstorm|[from] ability: Sand Stream|[of] p1a: Tyranitar
|move|p2a: Zapdos|Volt Switch|p1a: Tyranitar
|-damage|p1a: Tyranitar|88/100
|
|switch|p2a: Slowking|Slowking-Galar, M|100/100|[from] Volt Switch
|
|-weather|Sandstorm|[upkeep]
|-damage|p2a: Slowking|94/100|[from] Sandstorm
|-heal|p2a: Slowking|100/100|[from] item: Leftovers
|turn|9
|
|move|p1a: Tyranitar|Stealth Rock|p2a: Slowking
|-sidestart|p2: p2|move: Stealth Rock
|move|p2a: Slowking|Sludge Bomb|p1a: Tyranitar
|-resisted|p1a: Tyranitar
|-damage|p1a: Tyranitar|81/100
|-status|p1a: Tyranitar|psn
|
|-weather|Sandstorm|[upkeep]
|-damage|p2a: Slowking|94/100|[from] Sandstorm
|-heal|p2a: Slowking|100/100|[from] item: Leftovers
|-damage|p1a: Tyranitar|69/100 psn|[from] psn
|turn|10
|
|switch|p1a: Heatran|Heatran, M|100/100
|switch|p2a: Zapdos|Zapdos|100/100
|
|-weather|Sandstorm|[upkeep]
|-damage|p2a: Zapdos|94/100|[from] Sandstorm
|turn|11
|
|move|p1a: Heatran|Magma Storm|p2a: Zapdos|[miss]
|-miss|p1a: Heatran|p2a: Zapdos
|move|p2a: Zapdos|Volt Switch|p1a: Heatran
|-damage|p1a: Heatran|70/100
|
|switch|p2a: Slowking|Slowking-Galar, M|100/100|[from] Volt Switch
|-damage|p2a: Slowking|88/100|[from] Stealth Rock
|
|-weather|Sandstorm|[upkeep]
|-damage|p2a: Slowking|82/100|[from] Sandstorm
|-heal|p1a: Heatran|77/100|[from] item: Leftovers
|-heal|p2a: Slowking|88/100|[from] item: Leftovers
|turn|12
|
|move|p1a: Heatran|Magma Storm|p2a: Slowking
|-damage|p2a: Slowking|59/100
|-activate|p2a: Slowking|move: Magma Storm|[of] p1a: Heatran
|move|p2a: Slowking|Chilly Reception|p2a: Slowking
|-weather|Snow
|
|switch|p2a: Dragapult|Dragapult, M|100/100|[from] Chilly Reception
|-damage|p2a: Dragapult|88/100|[from] Stealth Rock
|
|-weather|Snow|[upkeep]
|-heal|p1a: Heatran|83/100|[from] item: Leftovers
|turn|13
|
|move|p2a: Dragapult|Draco Meteor|p1a: Heatran
|-resisted|p1a: Heatran
|-damage|p1a: Heatran|40/100
|-unboost|p2a: Dragapult|spa|2
|move|p1a: Heatran|Will-O-Wisp|p2a: Dragapult
|-status|p2a: Dragapult|brn
|
|-weather|Snow|[upkeep]
|-heal|p1a: Heatran|46/100|[from] item: Leftovers
|-damage|p2a: Dragapult|82/100 brn|[from] brn
|turn|14
|
|switch|p2a: Urshifu|Urshifu-Rapid-Strike, F|100/100
|-damage|p2a: Urshifu|94/100|[from] Stealth Rock
|switch|p1a: Corviknight|Corviknight, M|100/100
|-ability|p1a: Corviknight|Pressure
|
|-weather|Snow|[upkeep]
|turn|15
|
|switch|p1a: Dondozo|Dondozo, M|100/100
|move|p2a: Urshifu|Surging Strikes|p1a: Dondozo
|-resisted|p1a: Dondozo
|-crit|p1a: Dondozo
|-damage|p1a: Dondozo|93/100
|-resisted|p1a: Dondozo
|-crit|p1a: Dondozo
|-damage|p1a: Dondozo|87/100
|-resisted|p1a: Dondozo
|-crit|p1a: Dondozo
|-damage|p1a: Dondozo|81/100
|-hitcount|p1a: Dondozo|3
|
|-weather|Snow|[upkeep]
|turn|16
|
|switch|p2a: Slowking|Slowking-Galar, M|92/100
|-damage|p2a: Slowking|80/100|[from] Stealth Rock
|move|p1a: Dondozo|Liquidation|p2a: Slowking
|-damage|p2a: Slowking|47/100
|
|-weather|none
|-heal|p2a: Slowking|53/100|[from] item: Leftovers
|turn|17
|
|switch|p2a: Zapdos|Zapdos|94/100
|move|p1a: Dondozo|Liquidation|p2a: Zapdos
|-damage|p2a: Zapdos|73/100
|-status|p1a: Dondozo|par|[from] ability: Static|[of] p2a: Zapdos
|
|turn|18
|
|switch|p1a: Amoonguss|Amoonguss, F|100/100
|move|p2a: Zapdos|Volt Switch|p1a: Amoonguss
|-resisted|p1a: Amoonguss
|-damage|p1a: Amoonguss|88/100
|
|switch|p2a: Dragapult|Dragapult, M|82/100 brn|[from] Volt Switch
|-damage|p2a: Dragapult|70/100 brn|[from] Stealth Rock
|
|-damage|p2a: Dragapult|64/100 brn|[from] brn
|turn|19
|
|switch|p1a: Heatran|Heatran, M|46/100
|move|p2a: Dragapult|Draco Meteor|p1a: Heatran
|-resisted|p1a: Heatran
|-damage|p1a: Heatran|1/100
|-unboost|p2a: Dragapult|spa|2
|
|-heal|p1a: Heatran|7/100|[from] item: Leftovers
|-damage|p2a: Dragapult|58/100 brn|[from] brn
|turn|20
|
|switch|p2a: Urshifu|Urshifu-Rapid-Strike, F|94/100
|-damage|p2a: Urshifu|88/100|[from] Stealth Rock
|move|p1a: Heatran|Magma Storm|p2a: Urshifu|[miss]
|-miss|p1a: Heatran|p2a: Urshifu
|
|-heal|p1a: Heatran|14/100|[from] item: Leftovers
|turn|21
|
|switch|p1a: Amoonguss|Amoonguss, F|100/100
|move|p2a: Urshifu|U-turn|p1a: Amoonguss
|-damage|p1a: Amoonguss|70/100
|
|switch|p2a: Dragapult|Dragapult, M|58/100 brn|[from] U-turn
|-damage|p2a: Dragapult|46/100 brn|[from] Stealth Rock
|
|-damage|p2a: Dragapult|40/100 brn|[from] brn
|turn|22
|
|switch|p1a: Corviknight|Corviknight, M|100/100
|-ability|p1a: Corviknight|Pressure
|move|p2a: Dragapult|Flamethrower|p1a: Corviknight
|-supereffective|p1a: Corviknight
|-damage|p1a: Corviknight|30/100
|
|-heal|p1a: Corviknight|36/100|[from] item: Leftovers
|-damage|p2a: Dragapult|34/100 brn|[from] brn
|turn|23
|
|switch|p1a: Heatran|Heatran, M|14/100
|move|p2a: Dragapult|Flamethrower|p1a: Heatran
|-start|p1a: Heatran|ability: Flash Fire
|
|-heal|p1a: Heatran|20/100|[from] item: Leftovers
|-damage|p2a: Dragapult|28/100 brn|[from] brn
|turn|24
|
|switch|p2a: Zapdos|Zapdos|73/100
|move|p1a: Heatran|Magma Storm|p2a: Zapdos
|-damage|p2a: Zapdos|0 fnt
|faint|p2a: Zapdos
|
|-heal|p1a: Heatran|26/100|[from] item: Leftovers
|
|switch|p2a: Urshifu|Urshifu-Rapid-Strike, F|88/100
|-damage|p2a: Urshifu|82/100|[from] Stealth Rock
|turn|25
|
|move|p2a: Urshifu|U-turn|p1a: Heatran
|-resisted|p1a: Heatran
|-damage|p1a: Heatran|16/100
|
|switch|p2a: Dragapult|Dragapult, M|28/100 brn|[from] U-turn
|-damage|p2a: Dragapult|15/100 brn|[from] Stealth Rock
|move|p1a: Heatran|Magma Storm|p2a: Dragapult
|-resisted|p2a: Dragapult
|-damage|p2a: Dragapult|0 fnt
|faint|p2a: Dragapult
|
|-heal|p1a: Heatran|22/100|[from] item: Leftovers
|
|switch|p2a: Urshifu|Urshifu-Rapid-Strike, F|82/100
|-damage|p2a: Urshifu|76/100|[from] Stealth Rock
|turn|26
|
|-end|p1a: Heatran|ability: Flash Fire|[silent]
|switch|p1a: Amoonguss|Amoonguss, F|100/100
|move|p2a: Urshifu|Surging Strikes|p1a: Amoonguss
|-resisted|p1a: Amoonguss
|-crit|p1a: Amoonguss
|-damage|p1a: Amoonguss|89/100
|-resisted|p1a: Amoonguss
|-crit|p1a: Amoonguss
|-damage|p1a: Amoonguss|77/100
|-resisted|p1a: Amoonguss
|-crit|p1a: Amoonguss
|-damage|p1a: Amoonguss|65/100
|-hitcount|p1a: Amoonguss|3
|
|turn|27
|
|switch|p2a: Slowking|Slowking-Galar, M|87/100
|-damage|p2a: Slowking|74/100|[from] Stealth Rock
|move|p1a: Amoonguss|Spore|p2a: Slowking
|-status|p2a: Slowking|slp|[from] move: Spore
|
|-heal|p2a: Slowking|80/100 slp|[from] item: Leftovers
|turn|28
|
|switch|p1a: Chien-Pao|Chien-Pao, tera:Dark|46/100
|-ability|p1a: Chien-Pao|Sword of Ruin
|cant|p2a: Slowking|slp
|
|-heal|p2a: Slowking|87/100 slp|[from] item: Leftovers
|turn|29
|
|move|p1a: Chien-Pao|Crunch|p2a: Slowking
|-supereffective|p2a: Slowking
|-damage|p2a: Slowking|0 fnt
|faint|p2a: Slowking
|
|
|switch|p2a: Urshifu|Urshifu-Rapid-Strike, F|76/100
|-damage|p2a: Urshifu|70/100|[from] Stealth Rock
|turn|30
|
|switch|p1a: Amoonguss|Amoonguss, F|98/100
|move|p2a: Urshifu|Aqua Jet|p1a: Amoonguss
|-resisted|p1a: Amoonguss
|-damage|p1a: Amoonguss|86/100
|
|turn|31
|
|move|p2a: Urshifu|Aqua Jet|p1a: Amoonguss
|-resisted|p1a: Amoonguss
|-damage|p1a: Amoonguss|74/100
|move|p1a: Amoonguss|Giga Drain|p2a: Urshifu
|-supereffective|p2a: Urshifu
|-damage|p2a: Urshifu|1/100
|-heal|p1a: Amoonguss|100/100|[from] drain|[of] p2a: Urshifu
|
|turn|32
|
|move|p2a: Urshifu|Aqua Jet|p1a: Amoonguss
|-resisted|p1a: Amoonguss
|-damage|p1a: Amoonguss|88/100
|move|p1a: Amoonguss|Giga Drain|p2a: Urshifu
|-supereffective|p2a: Urshifu
|-damage|p2a: Urshifu|0 fnt
|-heal|p1a: Amoonguss|88/100|[from] drain|[of] p2a: Urshifu
|faint|p2a: Urshifu
|
|win|p1
