# advantage = p2
|poke|p1|Decidueye-Hisui, F|
|poke|p1|Dragonite, F|
|poke|p1|Magearna|
|poke|p1|Great Tusk|
|poke|p1|Clodsire, F|
|poke|p1|Greninja, M|
|poke|p2|Lilligant-Hisui, F|
|poke|p2|Zoroark-Hisui, M|
|poke|p2|Decidueye-Hisui, M|
|poke|p2|Sneasler, F|
|poke|p2|Ursaluna, M|
|poke|p2|Braviary-Hisui, M|
|teampreview
|
|start
|switch|p1a: Manny|Great Tusk|100/100
|switch|p2a: Sneasler|Sneasler, F|100/100
|turn|1
|
|switch|p2a: Braviary|Braviary-Hisui, M, shiny|100/100
|move|p1a: Manny|Headlong Rush|p2a: Braviary
|-immune|p2a: Braviary
|
|turn|2
|
|move|p1a: Manny|Stealth Rock|p2a: Braviary
|-sidestart|p2: p2|move: Stealth Rock
|move|p2a: Braviary|Esper Wing|p1a: Manny
|-supereffective|p1a: Manny
|-enditem|p1a: Manny|Focus Sash
|-damage|p1a: Manny|1/100
|-boost|p2a: Braviary|spe|1
|-damage|p2a: Braviary|91/100|[from] item: Life Orb
|
|turn|3
|
|move|p2a: Braviary|Esper Wing|p1a: Manny
|-supereffective|p1a: Manny
|-damage|p1a: Manny|0 fnt
|-boost|p2a: Braviary|spe|1
|faint|p1a: Manny
|-end|p1a: Manny|Protosynthesis|[silent]
|-damage|p2a: Braviary|81/100|[from] item: Life Orb
|
|
|switch|p1a: cool bird|Decidueye-Hisui, F, shiny|100/100
|turn|4
|
|-terastallize|p2a: Braviary|Fire
|-terastallize|p1a: cool bird|Dark
|move|p2a: Braviary|Calm Mind|p2a: Braviary
|-boost|p2a: Braviary|spa|1
|-boost|p2a: Braviary|spd|1
|move|p1a: cool bird|Swords Dance|p1a: cool bird
|-boost|p1a: cool bird|atk|2
|
|turn|5
|
|move|p2a: Braviary|Air Slash|p1a: cool bird
|-damage|p1a: cool bird|25/100
|-damage|p2a: Braviary|71/100|[from] item: Life Orb
|move|p1a: cool bird|Triple Arrows|p2a: Braviary
|-damage|p2a: Braviary|0 fnt
|faint|p2a: Braviary
|-damage|p1a: cool bird|15/100|[from] item: Life Orb
|
|
|switch|p2a: Sneasler|Sneasler, F|100/100
|-damage|p2a: Sneasler|95/100|[from] Stealth Rock
|turn|6
|
|move|p2a: Sneasler|Dire Claw|p1a: cool bird
|-damage|p1a: cool bird|0 fnt
|faint|p1a: cool bird
|
|
|switch|p1a: dragon deez|Dragonite, F|100/100
|turn|7
|
|move|p2a: Sneasler|Dire Claw|p1a: dragon deez
|-damage|p1a: dragon deez|77/100
|-status|p1a: dragon deez|par
|move|p1a: dragon deez|Earthquake|p2a: Sneasler
|-supereffective|p2a: Sneasler
|-damage|p2a: Sneasler|0 fnt
|faint|p2a: Sneasler
|
|
|switch|p2a: Lily|Lilligant-Hisui, F, shiny|100/100
|-damage|p2a: Lily|94/100|[from] Stealth Rock
|turn|8
|
|move|p2a: Lily|Victory Dance|p2a: Lily
|-boost|p2a: Lily|atk|1
|-boost|p2a: Lily|def|1
|-boost|p2a: Lily|spe|1
|move|p1a: dragon deez|Dragon Dance|p1a: dragon deez
|-boost|p1a: dragon deez|atk|1
|-boost|p1a: dragon deez|spe|1
|
|turn|9
|
|move|p2a: Lily|Ice Spinner|p1a: dragon deez
|-supereffective|p1a: dragon deez
|-damage|p1a: dragon deez|0 fnt
|faint|p1a: dragon deez
|
|
|switch|p1a: finley|Clodsire, F|100/100
|turn|10
|
|move|p2a: Lily|Ice Spinner|p1a: finley
|-supereffective|p1a: finley
|-damage|p1a: finley|50/100
|move|p1a: finley|Toxic|p2a: Lily
|-status|p2a: Lily|tox
|
|-heal|p1a: finley|56/100|[from] item: Leftovers
|-damage|p2a: Lily|88/100 tox|[from] psn
|turn|11
|
|move|p2a: Lily|Ice Spinner|p1a: finley
|-supereffective|p1a: finley
|-damage|p1a: finley|7/100
|move|p1a: finley|Recover|p1a: finley
|-heal|p1a: finley|57/100
|
|-heal|p1a: finley|63/100|[from] item: Leftovers
|-damage|p2a: Lily|76/100 tox|[from] psn
|turn|12
|
|move|p2a: Lily|Leaf Blade|p1a: finley
|-damage|p1a: finley|15/100
|move|p1a: finley|Recover|p1a: finley
|-heal|p1a: finley|66/100
|
|-heal|p1a: finley|72/100|[from] item: Leftovers
|-damage|p2a: Lily|58/100 tox|[from] psn
|turn|13
|
|move|p2a: Lily|Ice Spinner|p1a: finley
|-supereffective|p1a: finley
|-crit|p1a: finley
|-damage|p1a: finley|0 fnt
|faint|p1a: finley
|
|-damage|p2a: Lily|34/100 tox|[from] psn
|
|switch|p1a: Robots (2005)|Magearna|100/100
|turn|14
|
|move|p2a: Lily|Close Combat|p1a: Robots (2005)
|-damage|p1a: Robots (2005)|29/100
|-unboost|p2a: Lily|def|1
|-unboost|p2a: Lily|spd|1
|move|p1a: Robots (2005)|Flash Cannon|p2a: Lily
|-damage|p2a: Lily|0 fnt
|faint|p2a: Lily
|-ability|p1a: Robots (2005)|Soul-Heart|boost
|-boost|p1a: Robots (2005)|spa|1
|
|
|switch|p2a: Ursaluna|Ursaluna, M, shiny|100/100
|-damage|p2a: Ursaluna|88/100|[from] Stealth Rock
|turn|15
|
|move|p2a: Ursaluna|Flamethrower|p1a: Robots (2005)
|-supereffective|p1a: Robots (2005)
|-damage|p1a: Robots (2005)|0 fnt
|faint|p1a: Robots (2005)
|-damage|p2a: Ursaluna|78/100|[from] item: Life Orb
|
|
|switch|p1a: froge!!!|Greninja, M|100/100
|turn|16
|
|move|p1a: froge!!!|Ice Beam|p2a: Ursaluna
|-start|p1a: froge!!!|typechange|Ice|[from] ability: Protean
|-damage|p2a: Ursaluna|0 fnt
|replace|p2a: Ace|Zoroark-Hisui, M, shiny
|-end|p2a: Ace|Illusion
|faint|p2a: Ace
|
|
|switch|p2a: Decidueye|Decidueye-Hisui, M, shiny|100/100
|-damage|p2a: Decidueye|94/100|[from] Stealth Rock
|turn|17
|
|move|p1a: froge!!!|Extrasensory|p2a: Decidueye
|-supereffective|p2a: Decidueye
|-damage|p2a: Decidueye|63/100
|move|p2a: Decidueye|Triple Arrows|p1a: froge!!!
|-supereffective|p1a: froge!!!
|-enditem|p1a: froge!!!|Focus Sash
|-damage|p1a: froge!!!|1/100
|
|turn|18
|
|move|p1a: froge!!!|Ice Beam|p2a: Decidueye
|-supereffective|p2a: Decidueye
|-damage|p2a: Decidueye|11/100
|-status|p2a: Decidueye|frz
|cant|p2a: Decidueye|frz
|
|turn|19
|
|move|p1a: froge!!!|Ice Beam|p2a: Decidueye
|-supereffective|p2a: Decidueye
|-damage|p2a: Decidueye|0 fnt
|faint|p2a: Decidueye
|
|
|switch|p2a: Ursaluna|Ursaluna, M, shiny|100/100
|-damage|p2a: Ursaluna|94/100|[from] Stealth Rock
|turn|20
|
|move|p1a: froge!!!|Ice Beam|p2a: Ursaluna
|-supereffective|p2a: Ursaluna
|-damage|p2a: Ursaluna|45/100
|move|p2a: Ursaluna|Close Combat|p1a: froge!!!
|-supereffective|p1a: froge!!!
|-damage|p1a: froge!!!|0 fnt
|-unboost|p2a: Ursaluna|def|1
|-unboost|p2a: Ursaluna|spd|1
|faint|p1a: froge!!!
|
|win|p2
