|poke|p1|Torkoal, F|
|poke|p1|Walking Wake|
|poke|p1|Roaring Moon|
|poke|p1|Hatterene, F|
|poke|p1|Great Tusk|
|poke|p1|Corviknight, F|
|poke|p2|Ursaluna, F|
|poke|p2|Meowscarada, M|
|poke|p2|Hatterene, F|
|poke|p2|Chien-Pao|
|poke|p2|Rotom-Wash|
|poke|p2|Magearna|
|teampreview
|
|start
|switch|p1a: Roaring Moon|Roaring Moon|100/100
|switch|p2a: Hatterene|Hatterene, F|100/100
|turn|1
|
|move|p1a: Roaring Moon|U-turn|p2a: Hatterene
|-damage|p2a: Hatterene|68/100
|-enditem|p2a: Hatterene|Eject Button
|
|switch|p2a: Magearna|Magearna|100/100
|
|turn|2
|
|move|p1a: Roaring Moon|U-turn|p2a: Magearna
|-resisted|p2a: Magearna
|-damage|p2a: Magearna|95/100
|
|-end|p1a: Roaring Moon|Protosynthesis|[silent]
|switch|p1a: Great Tusk|Great Tusk|100/100|[from] U-turn
|move|p2a: Magearna|Trick Room|p2a: Magearna
|-fieldstart|move: Trick Room|[of] p2a: Magearna
|
|turn|3
|
|-end|p1a: Great Tusk|Protosynthesis|[silent]
|switch|p1a: Corviknight|Corviknight, F|100/100
|-ability|p1a: Corviknight|Pressure
|move|p2a: Magearna|Fleur Cannon|p1a: Corviknight
|-resisted|p1a: Corviknight
|-damage|p1a: Corviknight|65/100
|-unboost|p2a: Magearna|spa|2
|
|turn|4
|
|move|p2a: Magearna|Volt Switch|p1a: Corviknight
|-supereffective|p1a: Corviknight
|-damage|p1a: Corviknight|37/100
|
|switch|p2a: Big mama|Ursaluna, F|100/100|[from] Volt Switch
|move|p1a: Corviknight|Roost|p1a: Corviknight
|-heal|p1a: Corviknight|87/100
|-singleturn|p1a: Corviknight|move: Roost
|
|-status|p2a: Big mama|brn|[from] item: Flame Orb
|turn|5
|
|move|p2a: Big mama|Swords Dance|p2a: Big mama
|-boost|p2a: Big mama|atk|2
|move|p1a: Corviknight|Roost|p1a: Corviknight
|-heal|p1a: Corviknight|100/100
|-singleturn|p1a: Corviknight|move: Roost
|
|-damage|p2a: Big mama|94/100 brn|[from] brn
|turn|6
|
|move|p2a: Big mama|Facade|p1a: Corviknight
|-resisted|p1a: Corviknight
|-damage|p1a: Corviknight|26/100
|move|p1a: Corviknight|Body Press|p2a: Big mama
|-supereffective|p2a: Big mama
|-damage|p2a: Big mama|56/100 brn
|
|-damage|p2a: Big mama|50/100 brn|[from] brn
|-fieldend|move: Trick Room
|turn|7
|
|switch|p2a: Rotom|Rotom-Wash|100/100
|move|p1a: Corviknight|U-turn|p2a: Rotom
|-crit|p2a: Rotom
|-damage|p2a: Rotom|83/100
|
|switch|p1a: Walking Wake|Walking Wake|100/100|[from] U-turn
|
|-heal|p2a: Rotom|89/100|[from] item: Leftovers
|turn|8
|
|move|p1a: Walking Wake|Flamethrower|p2a: Rotom
|-resisted|p2a: Rotom
|-damage|p2a: Rotom|64/100
|move|p2a: Rotom|Volt Switch|p1a: Walking Wake
|-damage|p1a: Walking Wake|70/100
|
|switch|p2a: Hatterene|Hatterene, F|68/100|[from] Volt Switch
|
|turn|9
|
|-end|p1a: Walking Wake|Protosynthesis|[silent]
|switch|p1a: Corviknight|Corviknight, F|26/100
|-ability|p1a: Corviknight|Pressure
|move|p2a: Hatterene|Nuzzle|p1a: Corviknight
|-supereffective|p1a: Corviknight
|-damage|p1a: Corviknight|20/100
|
|turn|10
|
|switch|p2a: Rotom|Rotom-Wash|64/100
|move|p1a: Corviknight|Roost|p1a: Corviknight
|-heal|p1a: Corviknight|70/100
|-singleturn|p1a: Corviknight|move: Roost
|
|-heal|p2a: Rotom|70/100|[from] item: Leftovers
|turn|11
|
|switch|p1a: Great Tusk|Great Tusk|100/100
|move|p2a: Rotom|Hydro Pump|p1a: Great Tusk
|-supereffective|p1a: Great Tusk
|-damage|p1a: Great Tusk|0 fnt
|faint|p1a: Great Tusk
|-end|p1a: Great Tusk|Protosynthesis|[silent]
|
|-heal|p2a: Rotom|76/100|[from] item: Leftovers
|
|switch|p1a: Torkoal|Torkoal, F|100/100
|-weather|SunnyDay|[from] ability: Drought|[of] p1a: Torkoal
|turn|12
|
|move|p2a: Rotom|Hydro Pump|p1a: Torkoal
|-supereffective|p1a: Torkoal
|-damage|p1a: Torkoal|53/100
|move|p1a: Torkoal|Stealth Rock|p2a: Rotom
|-sidestart|p2: Weagt3a4gq34|move: Stealth Rock
|
|-weather|SunnyDay|[upkeep]
|-heal|p2a: Rotom|82/100|[from] item: Leftovers
|turn|13
|
|switch|p1a: Roaring Moon|Roaring Moon|100/100
|-activate|p1a: Roaring Moon|ability: Protosynthesis
|-start|p1a: Roaring Moon|protosynthesisatk
|move|p2a: Rotom|Hydro Pump|p1a: Roaring Moon
|-resisted|p1a: Roaring Moon
|-damage|p1a: Roaring Moon|91/100
|
|-weather|SunnyDay|[upkeep]
|-heal|p2a: Rotom|89/100|[from] item: Leftovers
|turn|14
|
|move|p1a: Roaring Moon|Crunch|p2a: Rotom
|-damage|p2a: Rotom|44/100
|move|p2a: Rotom|Will-O-Wisp|p1a: Roaring Moon
|-status|p1a: Roaring Moon|brn
|
|-weather|SunnyDay|[upkeep]
|-heal|p2a: Rotom|50/100|[from] item: Leftovers
|-damage|p1a: Roaring Moon|85/100 brn|[from] brn
|turn|15
|
|-end|p1a: Roaring Moon|Protosynthesis|[silent]
|switch|p1a: Hatterene|Hatterene, F|100/100
|move|p2a: Rotom|Volt Switch|p1a: Hatterene
|-crit|p1a: Hatterene
|-damage|p1a: Hatterene|59/100
|-enditem|p1a: Hatterene|Eject Button
|
|switch|p1a: Walking Wake|Walking Wake|70/100
|-activate|p1a: Walking Wake|ability: Protosynthesis
|-start|p1a: Walking Wake|protosynthesisspe
|
|-weather|SunnyDay|[upkeep]
|-heal|p2a: Rotom|57/100|[from] item: Leftovers
|turn|16
|
|switch|p2a: Hatterene|Hatterene, F|68/100
|-damage|p2a: Hatterene|56/100|[from] Stealth Rock
|-terastallize|p1a: Walking Wake|Water
|move|p1a: Walking Wake|Hydro Steam|p2a: Hatterene
|-damage|p2a: Hatterene|0 fnt
|faint|p2a: Hatterene
|
|-weather|SunnyDay|[upkeep]
|
|switch|p2a: Rotom|Rotom-Wash|57/100
|-damage|p2a: Rotom|44/100|[from] Stealth Rock
|turn|17
|
|move|p2a: Rotom|Protect|p2a: Rotom
|-singleturn|p2a: Rotom|Protect
|move|p1a: Walking Wake|Hydro Steam|p2a: Rotom
|-activate|p2a: Rotom|move: Protect
|
|-weather|SunnyDay|[upkeep]
|-heal|p2a: Rotom|50/100|[from] item: Leftovers
|turn|18
|
|move|p1a: Walking Wake|Hydro Steam|p2a: Rotom
|-resisted|p2a: Rotom
|-damage|p2a: Rotom|0 fnt
|faint|p2a: Rotom
|
|-weather|SunnyDay|[upkeep]
|
|switch|p2a: Michi|Meowscarada, M|100/100
|-damage|p2a: Michi|88/100|[from] Stealth Rock
|turn|19
|
|move|p1a: Walking Wake|Hydro Steam|p2a: Michi
|-resisted|p2a: Michi
|-damage|p2a: Michi|0 fnt
|faint|p2a: Michi
|
|-weather|none
|-end|p1a: Walking Wake|Protosynthesis
|
|switch|p2a: Magearna|Magearna|95/100
|-damage|p2a: Magearna|89/100|[from] Stealth Rock
|turn|20
|
|-end|p1a: Walking Wake|Protosynthesis|[silent]
|switch|p1a: Corviknight|Corviknight, F|70/100
|-ability|p1a: Corviknight|Pressure
|move|p2a: Magearna|Trick Room|p2a: Magearna
|-fieldstart|move: Trick Room|[of] p2a: Magearna
|
|turn|21
|
|move|p2a: Magearna|Volt Switch|p1a: Corviknight
|-supereffective|p1a: Corviknight
|-damage|p1a: Corviknight|14/100
|
|switch|p2a: Big mama|Ursaluna, F|50/100 brn|[from] Volt Switch
|-damage|p2a: Big mama|44/100 brn|[from] Stealth Rock
|move|p1a: Corviknight|Roost|p1a: Corviknight
|-heal|p1a: Corviknight|64/100
|-singleturn|p1a: Corviknight|move: Roost
|
|-damage|p2a: Big mama|38/100 brn|[from] brn
|turn|22
|
|move|p2a: Big mama|Headlong Rush|p1a: Corviknight
|-immune|p1a: Corviknight
|move|p1a: Corviknight|Roost|p1a: Corviknight
|-heal|p1a: Corviknight|100/100
|-singleturn|p1a: Corviknight|move: Roost
|
|-damage|p2a: Big mama|32/100 brn|[from] brn
|turn|23
|
|switch|p2a: Magearna|Magearna|89/100
|-damage|p2a: Magearna|83/100|[from] Stealth Rock
|move|p1a: Corviknight|Body Press|p2a: Magearna
|-damage|p2a: Magearna|61/100
|
|turn|24
|
|move|p2a: Magearna|Flash Cannon|p1a: Corviknight
|-resisted|p1a: Corviknight
|-damage|p1a: Corviknight|78/100
|move|p1a: Corviknight|Roost|p1a: Corviknight
|-heal|p1a: Corviknight|100/100
|-singleturn|p1a: Corviknight|move: Roost
|
|-fieldend|move: Trick Room
|turn|25
|
|move|p1a: Corviknight|U-turn|p2a: Magearna
|-resisted|p2a: Magearna
|-damage|p2a: Magearna|58/100
|
|switch|p1a: Torkoal|Torkoal, F|53/100|[from] U-turn
|-weather|SunnyDay|[from] ability: Drought|[of] p1a: Torkoal
|move|p2a: Magearna|Trick Room|p2a: Magearna
|-fieldstart|move: Trick Room|[of] p2a: Magearna
|
|-weather|SunnyDay|[upkeep]
|turn|26
|
|move|p1a: Torkoal|Lava Plume|p2a: Magearna
|-supereffective|p2a: Magearna
|-damage|p2a: Magearna|4/100
|-status|p2a: Magearna|brn
|-enditem|p2a: Magearna|Sitrus Berry|[eat]
|-heal|p2a: Magearna|29/100 brn|[from] item: Sitrus Berry
|move|p2a: Magearna|Flash Cannon|p1a: Torkoal
|-resisted|p1a: Torkoal
|-damage|p1a: Torkoal|24/100
|
|-weather|SunnyDay|[upkeep]
|-damage|p2a: Magearna|22/100 brn|[from] brn
|turn|27
|
|move|p1a: Torkoal|Lava Plume|p2a: Magearna
|-supereffective|p2a: Magearna
|-damage|p2a: Magearna|0 fnt
|faint|p2a: Magearna
|
|-weather|SunnyDay|[upkeep]
|
|switch|p2a: Big mama|Ursaluna, F|32/100 brn
|-damage|p2a: Big mama|26/100 brn|[from] Stealth Rock
|turn|28
|
|move|p1a: Torkoal|Lava Plume|p2a: Big mama
|-damage|p2a: Big mama|0 fnt
|faint|p2a: Big mama
|
|-weather|SunnyDay|[upkeep]
|
|switch|p2a: Diego|Chien-Pao|100/100
|-damage|p2a: Diego|76/100|[from] Stealth Rock
|-ability|p2a: Diego|Sword of Ruin
|turn|29
|
|move|p1a: Torkoal|Lava Plume|p2a: Diego
|-supereffective|p2a: Diego
|-damage|p2a: Diego|0 fnt
|faint|p2a: Diego
|
|win|fzplay_pokemon
