|poke|p1|Sneasler, F|
|poke|p1|Arcanine-Hisui, F|
|poke|p1|Walking Wake|
|poke|p1|Electrode-Hisui|
|poke|p1|Enamorus, F|
|poke|p1|Ursaluna, F|
|poke|p2|Decidueye-Hisui, M|
|poke|p2|Gholdengo|
|poke|p2|Heatran, F|
|poke|p2|Urshifu-*, M|
|poke|p2|Ursaluna, F|
|poke|p2|Inteleon, F|
|teampreview
|
|start
|switch|p1a: Enamorus|Enamorus, F|100/100
|switch|p2a: Inteleon|Inteleon, F|100/100
|turn|1
|
|move|p2a: Inteleon|Ice Beam|p1a: Enamorus
|-supereffective|p1a: Enamorus
|-damage|p1a: Enamorus|18/100
|move|p1a: Enamorus|Calm Mind|p1a: Enamorus
|-boost|p1a: Enamorus|spa|1
|-boost|p1a: Enamorus|spd|1
|
|turn|2
|
|move|p2a: Inteleon|Ice Beam|p1a: Enamorus
|-supereffective|p1a: Enamorus
|-crit|p1a: Enamorus
|-damage|p1a: Enamorus|0 fnt
|faint|p1a: Enamorus
|
|
|switch|p1a: Electrode|Electrode-Hisui, shiny|100/100
|turn|3
|
|switch|p2a: Heatran|Heatran, F|100/100
|move|p1a: Electrode|Thunderbolt|p2a: Heatran
|-damage|p2a: Heatran|61/100
|
|-heal|p2a: Heatran|67/100|[from] item: Leftovers
|turn|4
|
|move|p1a: Electrode|Thunderbolt|p2a: Heatran
|-damage|p2a: Heatran|32/100
|move|p2a: Heatran|Earth Power|p1a: Electrode
|-damage|p1a: Electrode|70/100
|
|-heal|p2a: Heatran|38/100|[from] item: Leftovers
|turn|5
|
|move|p1a: Electrode|Thunderbolt|p2a: Heatran
|-damage|p2a: Heatran|2/100
|move|p2a: Heatran|Flamethrower|p1a: Electrode
|-supereffective|p1a: Electrode
|-damage|p1a: Electrode|0 fnt
|faint|p1a: Electrode
|
|-heal|p2a: Heatran|9/100|[from] item: Leftovers
|
|switch|p1a: Sneasler|Sneasler, F|100/100
|turn|6
|
|move|p1a: Sneasler|Close Combat|p2a: Heatran
|-supereffective|p2a: Heatran
|-damage|p2a: Heatran|0 fnt
|-unboost|p1a: Sneasler|def|1
|-unboost|p1a: Sneasler|spd|1
|-enditem|p1a: Sneasler|White Herb
|-clearnegativeboost|p1a: Sneasler|[silent]
|faint|p2a: Heatran
|
|
|switch|p2a: Gholdengo|Gholdengo|100/100
|turn|7
|
|-terastallize|p1a: Sneasler|Flying
|move|p1a: Sneasler|Shadow Claw|p2a: Gholdengo
|-supereffective|p2a: Gholdengo
|-damage|p2a: Gholdengo|38/100
|move|p2a: Gholdengo|Psychic|p1a: Sneasler
|-damage|p1a: Sneasler|58/100
|
|turn|8
|
|move|p1a: Sneasler|Shadow Claw|p2a: Gholdengo
|-supereffective|p2a: Gholdengo
|-damage|p2a: Gholdengo|0 fnt
|faint|p2a: Gholdengo
|
|
|switch|p2a: Urshifu|Urshifu-Rapid-Strike, M|100/100
|turn|9
|
|move|p1a: Sneasler|Acrobatics|p2a: Urshifu
|-supereffective|p2a: Urshifu
|-damage|p2a: Urshifu|0 fnt
|faint|p2a: Urshifu
|
|
|switch|p2a: Inteleon|Inteleon, F|100/100
|turn|10
|
|move|p1a: Sneasler|Close Combat|p2a: Inteleon
|-damage|p2a: Inteleon|0 fnt
|-unboost|p1a: Sneasler|def|1
|-unboost|p1a: Sneasler|spd|1
|faint|p2a: Inteleon
|
|
|switch|p2a: Decidueye|Decidueye-Hisui, M|100/100
|turn|11
|
|move|p2a: Decidueye|Shadow Sneak|p1a: Sneasler
|-damage|p1a: Sneasler|21/100
|move|p1a: Sneasler|Acrobatics|p2a: Decidueye
|-supereffective|p2a: Decidueye
|-damage|p2a: Decidueye|0 fnt
|faint|p2a: Decidueye
|
|-message|Iamverykarpy2 forfeited.
|
|win|Omnial
|l|☆Iamverykarpy2
