|poke|p1|Pawmot, M|
|poke|p1|Abomasnow, M|
|poke|p1|Avalugg-Hisui, F|
|poke|p1|Slowking-Galar, F|
|poke|p1|Landorus-Therian, M|
|poke|p1|Magearna|
|poke|p2|Magearna|
|poke|p2|Arboliva, F|
|poke|p2|Garchomp, M|
|poke|p2|Sneasler, M|
|poke|p2|Enamorus, F|
|poke|p2|Lokix, M|
|teampreview
|
|start
|switch|p1a: Abomasnow|Abomasnow, M, shiny|100/100
|switch|p2a: Sneasler|Sneasler, M|100/100
|-weather|Snow|[from] ability: Snow Warning|[of] p1a: Abomasnow
|turn|1
|
|switch|p1a: Landorus|Landorus-Therian, M|100/100
|-ability|p1a: Landorus|Intimidate|boost
|-unboost|p2a: Sneasler|atk|1
|move|p2a: Sneasler|Close Combat|p1a: Landorus
|-resisted|p1a: Landorus
|-damage|p1a: Landorus|74/100
|-unboost|p2a: Sneasler|def|1
|-unboost|p2a: Sneasler|spd|1
|
|-weather|Snow|[upkeep]
|turn|2
|
|switch|p2a: Garchomp|Garchomp, M|100/100
|move|p1a: Landorus|Stealth Rock|p2a: Garchomp
|-sidestart|p2: purple pastels|move: Stealth Rock
|
|-weather|Snow|[upkeep]
|turn|3
|
|switch|p1a: Abomasnow|Abomasnow, M, shiny|100/100
|move|p2a: Garchomp|Stealth Rock|p1a: Abomasnow
|-sidestart|p1: Green Costume|move: Stealth Rock
|
|-weather|Snow|[upkeep]
|turn|4
|
|move|p2a: Garchomp|Spikes|p1a: Abomasnow
|-sidestart|p1: Green Costume|Spikes
|move|p1a: Abomasnow|Blizzard|p2a: Garchomp
|-supereffective|p2a: Garchomp
|-damage|p2a: Garchomp|0 fnt
|faint|p2a: Garchomp
|
|-weather|Snow|[upkeep]
|
|switch|p2a: Magearna|Magearna|100/100
|-damage|p2a: Magearna|95/100|[from] Stealth Rock
|turn|5
|
|move|p2a: Magearna|Calm Mind|p2a: Magearna
|-boost|p2a: Magearna|spa|1
|-boost|p2a: Magearna|spd|1
|move|p1a: Abomasnow|Aurora Veil|p1a: Abomasnow
|-sidestart|p1: Green Costume|move: Aurora Veil
|
|-weather|none
|-heal|p2a: Magearna|100/100|[from] item: Leftovers
|turn|6
|
|move|p2a: Magearna|Shift Gear|p2a: Magearna
|-boost|p2a: Magearna|spe|2
|-boost|p2a: Magearna|atk|1
|move|p1a: Abomasnow|Leech Seed|p2a: Magearna
|-start|p2a: Magearna|move: Leech Seed
|
|-damage|p2a: Magearna|88/100|[from] Leech Seed|[of] p1a: Abomasnow
|turn|7
|
|switch|p1a: Avalugg|Avalugg-Hisui, F, shiny|100/100
|-damage|p1a: Avalugg|76/100|[from] Stealth Rock
|-damage|p1a: Avalugg|63/100|[from] Spikes
|move|p2a: Magearna|Calm Mind|p2a: Magearna
|-boost|p2a: Magearna|spa|1
|-boost|p2a: Magearna|spd|1
|
|-heal|p2a: Magearna|94/100|[from] item: Leftovers
|-damage|p2a: Magearna|82/100|[from] Leech Seed|[of] p1a: Avalugg
|-heal|p1a: Avalugg|74/100|[silent]
|turn|8
|
|-terastallize|p2a: Magearna|Fairy
|move|p2a: Magearna|Draining Kiss|p1a: Avalugg
|-damage|p1a: Avalugg|33/100
|-heal|p2a: Magearna|100/100|[from] drain|[of] p1a: Avalugg
|move|p1a: Avalugg|Rapid Spin|p2a: Magearna
|-damage|p2a: Magearna|86/100
|-boost|p1a: Avalugg|spe|1
|-sideend|p1: Green Costume|Spikes|[from] move: Rapid Spin|[of] p1a: Avalugg
|-sideend|p1: Green Costume|Stealth Rock|[from] move: Rapid Spin|[of] p1a: Avalugg
|
|-heal|p2a: Magearna|92/100|[from] item: Leftovers
|-damage|p2a: Magearna|80/100|[from] Leech Seed|[of] p1a: Avalugg
|-heal|p1a: Avalugg|44/100|[silent]
|turn|9
|
|move|p2a: Magearna|Stored Power|p1a: Avalugg
|-damage|p1a: Avalugg|0 fnt
|faint|p1a: Avalugg
|-ability|p2a: Magearna|Soul-Heart|boost
|-boost|p2a: Magearna|spa|1
|
|-heal|p2a: Magearna|86/100|[from] item: Leftovers
|
|switch|p1a: Magearna|Magearna|100/100
|turn|10
|
|move|p2a: Magearna|Stored Power|p1a: Magearna
|-resisted|p1a: Magearna
|-damage|p1a: Magearna|60/100
|move|p1a: Magearna|Calm Mind|p1a: Magearna
|-boost|p1a: Magearna|spa|1
|-boost|p1a: Magearna|spd|1
|
|-heal|p2a: Magearna|92/100|[from] item: Leftovers
|-heal|p1a: Magearna|66/100|[from] item: Leftovers
|-damage|p2a: Magearna|79/100|[from] Leech Seed|[of] p1a: Magearna
|-heal|p1a: Magearna|78/100|[silent]
|turn|11
|
|move|p2a: Magearna|Calm Mind|p2a: Magearna
|-boost|p2a: Magearna|spa|1
|-boost|p2a: Magearna|spd|1
|move|p1a: Magearna|Calm Mind|p1a: Magearna
|-boost|p1a: Magearna|spa|1
|-boost|p1a: Magearna|spd|1
|
|-heal|p2a: Magearna|85/100|[from] item: Leftovers
|-heal|p1a: Magearna|84/100|[from] item: Leftovers
|-damage|p2a: Magearna|73/100|[from] Leech Seed|[of] p1a: Magearna
|-heal|p1a: Magearna|96/100|[silent]
|turn|12
|
|move|p2a: Magearna|Stored Power|p1a: Magearna
|-resisted|p1a: Magearna
|-damage|p1a: Magearna|67/100
|move|p1a: Magearna|Calm Mind|p1a: Magearna
|-boost|p1a: Magearna|spa|1
|-boost|p1a: Magearna|spd|1
|
|-heal|p2a: Magearna|79/100|[from] item: Leftovers
|-heal|p1a: Magearna|74/100|[from] item: Leftovers
|-damage|p2a: Magearna|67/100|[from] Leech Seed|[of] p1a: Magearna
|-heal|p1a: Magearna|86/100|[silent]
|-sideend|p1: Green Costume|move: Aurora Veil
|turn|13
|
|move|p2a: Magearna|Stored Power|p1a: Magearna
|-resisted|p1a: Magearna
|-damage|p1a: Magearna|36/100
|move|p1a: Magearna|Calm Mind|p1a: Magearna
|-boost|p1a: Magearna|spa|1
|-boost|p1a: Magearna|spd|1
|
|-heal|p2a: Magearna|73/100|[from] item: Leftovers
|-heal|p1a: Magearna|42/100|[from] item: Leftovers
|-damage|p2a: Magearna|60/100|[from] Leech Seed|[of] p1a: Magearna
|-heal|p1a: Magearna|54/100|[silent]
|turn|14
|
|move|p2a: Magearna|Stored Power|p1a: Magearna
|-resisted|p1a: Magearna
|-damage|p1a: Magearna|14/100
|move|p1a: Magearna|Draining Kiss|p2a: Magearna
|-damage|p2a: Magearna|29/100
|-heal|p1a: Magearna|37/100|[from] drain|[of] p2a: Magearna
|
|-heal|p2a: Magearna|35/100|[from] item: Leftovers
|-heal|p1a: Magearna|43/100|[from] item: Leftovers
|-damage|p2a: Magearna|23/100|[from] Leech Seed|[of] p1a: Magearna
|-heal|p1a: Magearna|55/100|[silent]
|turn|15
|
|move|p2a: Magearna|Stored Power|p1a: Magearna
|-resisted|p1a: Magearna
|-damage|p1a: Magearna|12/100
|move|p1a: Magearna|Draining Kiss|p2a: Magearna
|-damage|p2a: Magearna|0 fnt
|-heal|p1a: Magearna|29/100|[from] drain|[of] p2a: Magearna
|faint|p2a: Magearna
|-ability|p1a: Magearna|Soul-Heart|boost
|-boost|p1a: Magearna|spa|1
|
|-heal|p1a: Magearna|35/100|[from] item: Leftovers
|
|switch|p2a: Sneasler|Sneasler, M|100/100
|-damage|p2a: Sneasler|95/100|[from] Stealth Rock
|turn|16
|
|move|p2a: Sneasler|Dig||[still]
|-prepare|p2a: Sneasler|Dig
|-enditem|p2a: Sneasler|Power Herb
|-anim|p2a: Sneasler|Dig|p1a: Magearna
|-supereffective|p1a: Magearna
|-damage|p1a: Magearna|0 fnt
|faint|p1a: Magearna
|
|
|switch|p1a: Landorus|Landorus-Therian, M|74/100
|-ability|p1a: Landorus|Intimidate|boost
|-unboost|p2a: Sneasler|atk|1
|turn|17
|
|switch|p2a: Enamorus|Enamorus, F|100/100
|-damage|p2a: Enamorus|76/100|[from] Stealth Rock
|move|p1a: Landorus|U-turn|p2a: Enamorus
|-resisted|p2a: Enamorus
|-damage|p2a: Enamorus|63/100
|
|switch|p1a: Dream Lord|Pawmot, M|100/100|[from] U-turn
|
|turn|18
|
|move|p2a: Enamorus|Earth Power|p1a: Dream Lord
|-supereffective|p1a: Dream Lord
|-crit|p1a: Dream Lord
|-enditem|p1a: Dream Lord|Focus Sash
|-damage|p1a: Dream Lord|1/100
|move|p1a: Dream Lord|Revival Blessing|p1a: Dream Lord
|
|-heal|p1: Magearna|50/100|[from] move: Revival Blessing
|
|turn|19
|
|switch|p1a: Landorus|Landorus-Therian, M|74/100
|-ability|p1a: Landorus|Intimidate|boost
|-boost|p2a: Enamorus|atk|1
|move|p2a: Enamorus|Earth Power|p1a: Landorus
|-immune|p1a: Landorus
|
|turn|20
|
|switch|p2a: Arboliva|Arboliva, F|100/100
|-damage|p2a: Arboliva|88/100|[from] Stealth Rock
|move|p1a: Landorus|Stone Edge|p2a: Arboliva
|-damage|p2a: Arboliva|58/100
|-fieldstart|move: Grassy Terrain|[from] ability: Seed Sower|[of] p2a: Arboliva
|
|-heal|p2a: Arboliva|65/100|[from] Grassy Terrain
|turn|21
|
|switch|p1a: Abomasnow|Abomasnow, M, shiny|100/100
|-weather|Snow|[from] ability: Snow Warning|[of] p1a: Abomasnow
|move|p2a: Arboliva|Strength Sap|p1a: Abomasnow
|-unboost|p1a: Abomasnow|atk|1
|-heal|p2a: Arboliva|100/100
|
|-weather|Snow|[upkeep]
|turn|22
|
|move|p1a: Abomasnow|Aurora Veil|p1a: Abomasnow
|-sidestart|p1: Green Costume|move: Aurora Veil
|move|p2a: Arboliva|Reflect|p2a: Arboliva
|-sidestart|p2: purple pastels|Reflect
|
|-weather|Snow|[upkeep]
|turn|23
|
|move|p1a: Abomasnow|Blizzard|p2a: Arboliva
|-supereffective|p2a: Arboliva
|-damage|p2a: Arboliva|34/100
|move|p2a: Arboliva|Encore|p1a: Abomasnow
|-start|p1a: Abomasnow|Encore
|
|-weather|Snow|[upkeep]
|-heal|p2a: Arboliva|40/100|[from] Grassy Terrain
|turn|24
|
|move|p1a: Abomasnow|Blizzard|p2a: Arboliva
|-supereffective|p2a: Arboliva
|-crit|p2a: Arboliva
|-damage|p2a: Arboliva|0 fnt
|faint|p2a: Arboliva
|
|-weather|Snow|[upkeep]
|
|switch|p2a: Lokix|Lokix, M|100/100
|-damage|p2a: Lokix|76/100|[from] Stealth Rock
|turn|25
|
|switch|p1a: Landorus|Landorus-Therian, M|74/100
|-ability|p1a: Landorus|Intimidate|boost
|-unboost|p2a: Lokix|atk|1
|move|p2a: Lokix|Leech Life|p1a: Landorus
|-resisted|p1a: Landorus
|-damage|p1a: Landorus|53/100
|-heal|p2a: Lokix|88/100|[from] drain|[of] p1a: Landorus
|-damage|p2a: Lokix|78/100|[from] item: Life Orb
|
|-weather|none
|-heal|p2a: Lokix|84/100|[from] Grassy Terrain
|turn|26
|
|move|p1a: Landorus|U-turn|p2a: Lokix
|-supereffective|p2a: Lokix
|-damage|p2a: Lokix|41/100
|
|switch|p1a: Magearna|Magearna|50/100|[from] U-turn
|move|p2a: Lokix|U-turn|p1a: Magearna
|-resisted|p1a: Magearna
|-damage|p1a: Magearna|45/100
|-damage|p2a: Lokix|32/100|[from] item: Life Orb
|
|switch|p2a: Enamorus|Enamorus, F|63/100|[from] U-turn
|-damage|p2a: Enamorus|38/100|[from] Stealth Rock
|
|-heal|p1a: Magearna|51/100|[from] Grassy Terrain
|-heal|p1a: Magearna|58/100|[from] item: Leftovers
|-sideend|p2: purple pastels|Reflect
|turn|27
|
|move|p2a: Enamorus|Superpower|p1a: Magearna
|-damage|p1a: Magearna|46/100
|-boost|p2a: Enamorus|atk|1
|-boost|p2a: Enamorus|def|1
|move|p1a: Magearna|Shift Gear|p1a: Magearna
|-boost|p1a: Magearna|spe|2
|-boost|p1a: Magearna|atk|1
|
|-heal|p1a: Magearna|53/100|[from] Grassy Terrain
|-heal|p1a: Magearna|59/100|[from] item: Leftovers
|-fieldend|move: Grassy Terrain
|turn|28
|
|move|p2a: Enamorus|Superpower|p1a: Magearna
|-damage|p1a: Magearna|42/100
|-boost|p2a: Enamorus|atk|1
|-boost|p2a: Enamorus|def|1
|move|p1a: Magearna|Shift Gear|p1a: Magearna
|-boost|p1a: Magearna|spe|2
|-boost|p1a: Magearna|atk|1
|
|-heal|p1a: Magearna|48/100|[from] item: Leftovers
|turn|29
|-message|purple pastels forfeited.
|
|win|Green Costume
