|poke|p1|Magearna|
|poke|p1|Great Tusk|
|poke|p1|Tornadus-Therian, M|
|poke|p1|Chien-Pao|
|poke|p1|Dragonite, M|
|poke|p1|Volcarona, F|
|poke|p2|Walking Wake|
|poke|p2|Kingambit, F|
|poke|p2|Dragonite, M|
|poke|p2|Iron Moth|
|poke|p2|Glimmora, F|
|poke|p2|Azumarill, F|
|teampreview
|
|start
|switch|p1a: Great Tusk|Great Tusk|100/100
|switch|p2a: Hydrophobia|Azumarill, F, shiny|100/100
|turn|1
|
|move|p1a: Great Tusk|Knock Off|p2a: Hydrophobia
|-resisted|p2a: Hydrophobia
|-damage|p2a: Hydrophobia|86/100
|-enditem|p2a: Hydrophobia|Assault Vest|[from] move: Knock Off|[of] p1a: Great Tusk
|move|p2a: Hydrophobia|Liquidation|p1a: Great Tusk
|-supereffective|p1a: Great Tusk
|-damage|p1a: Great Tusk|45/100
|
|-heal|p1a: Great Tusk|51/100|[from] item: Leftovers
|turn|2
|
|-end|p1a: Great Tusk|Protosynthesis|[silent]
|switch|p1a: Tornadus|Tornadus-Therian, M|100/100
|move|p2a: Hydrophobia|Liquidation|p1a: Tornadus
|-damage|p1a: Tornadus|43/100
|
|turn|3
|
|move|p1a: Tornadus|U-turn|p2a: Hydrophobia
|-resisted|p2a: Hydrophobia
|-damage|p2a: Hydrophobia|80/100
|
|switch|p1a: Magearna|Magearna|100/100|[from] U-turn
|move|p2a: Hydrophobia|Liquidation|p1a: Magearna
|-damage|p1a: Magearna|50/100
|
|turn|4
|
|move|p1a: Magearna|Volt Switch|p2a: Hydrophobia
|-supereffective|p2a: Hydrophobia
|-damage|p2a: Hydrophobia|0 fnt
|faint|p2a: Hydrophobia
|-ability|p1a: Magearna|Soul-Heart|boost
|-boost|p1a: Magearna|spa|1
|
|switch|p1a: Chien-Pao|Chien-Pao|100/100|[from] Volt Switch
|-ability|p1a: Chien-Pao|Sword of Ruin
|
|
|switch|p2a: Toxiphobia|Glimmora, F, shiny|100/100
|turn|5
|
|move|p1a: Chien-Pao|Crunch|p2a: Toxiphobia
|-enditem|p2a: Toxiphobia|Focus Sash
|-damage|p2a: Toxiphobia|1/100
|-activate|p2a: Toxiphobia|ability: Toxic Debris
|-sidestart|p1: p1|move: Toxic Spikes
|move|p2a: Toxiphobia|Sludge Wave|p1a: Chien-Pao
|-crit|p1a: Chien-Pao
|-damage|p1a: Chien-Pao|0 fnt
|faint|p1a: Chien-Pao
|
|
|switch|p1a: Tornadus|Tornadus-Therian, M|76/100
|turn|6
|
|move|p1a: Tornadus|Bleakwind Storm|p2a: Toxiphobia
|-resisted|p2a: Toxiphobia
|-damage|p2a: Toxiphobia|0 fnt
|faint|p2a: Toxiphobia
|
|
|switch|p2a: Draconophobia|Dragonite, M, shiny|100/100
|turn|7
|
|move|p1a: Tornadus|Taunt|p2a: Draconophobia
|-start|p2a: Draconophobia|move: Taunt
|cant|p2a: Draconophobia|move: Taunt|Dragon Dance
|
|turn|8
|
|move|p1a: Tornadus|U-turn|p2a: Draconophobia
|-resisted|p2a: Draconophobia
|-damage|p2a: Draconophobia|97/100
|
|switch|p1a: Great Tusk|Great Tusk|51/100|[from] U-turn
|-status|p1a: Great Tusk|psn
|move|p2a: Draconophobia|Dragon Claw|p1a: Great Tusk
|-damage|p1a: Great Tusk|29/100 psn
|
|-heal|p1a: Great Tusk|35/100 psn|[from] item: Leftovers
|-damage|p1a: Great Tusk|22/100 psn|[from] psn
|turn|9
|
|move|p2a: Draconophobia|Fire Punch|p1a: Great Tusk
|-damage|p1a: Great Tusk|10/100 psn
|move|p1a: Great Tusk|Knock Off|p2a: Draconophobia
|-damage|p2a: Draconophobia|65/100
|-enditem|p2a: Draconophobia|Heavy-Duty Boots|[from] move: Knock Off|[of] p1a: Great Tusk
|
|-heal|p1a: Great Tusk|16/100 psn|[from] item: Leftovers
|-damage|p1a: Great Tusk|3/100 psn|[from] psn
|-end|p2a: Draconophobia|move: Taunt
|turn|10
|
|move|p2a: Draconophobia|Fire Punch|p1a: Great Tusk
|-damage|p1a: Great Tusk|0 fnt
|faint|p1a: Great Tusk
|-end|p1a: Great Tusk|Protosynthesis|[silent]
|
|
|switch|p1a: Dragonite|Dragonite, M|100/100
|turn|11
|
|move|p2a: Draconophobia|Dragon Dance|p2a: Draconophobia
|-boost|p2a: Draconophobia|atk|1
|-boost|p2a: Draconophobia|spe|1
|move|p1a: Dragonite|Dragon Dance|p1a: Dragonite
|-boost|p1a: Dragonite|atk|1
|-boost|p1a: Dragonite|spe|1
|
|turn|12
|
|-terastallize|p1a: Dragonite|Normal
|move|p1a: Dragonite|Extreme Speed|p2a: Draconophobia
|-damage|p2a: Draconophobia|0 fnt
|faint|p2a: Draconophobia
|
|
|switch|p2a: Thanatophobia|Kingambit, F, shiny|100/100
|-activate|p2a: Thanatophobia|ability: Supreme Overlord
|-start|p2a: Thanatophobia|fallen3|[silent]
|turn|13
|
|move|p1a: Dragonite|Earthquake|p2a: Thanatophobia
|-supereffective|p2a: Thanatophobia
|-damage|p2a: Thanatophobia|20/100
|move|p2a: Thanatophobia|Kowtow Cleave|p1a: Dragonite
|-crit|p1a: Dragonite
|-damage|p1a: Dragonite|55/100
|
|turn|14
|
|move|p1a: Dragonite|Extreme Speed|p2a: Thanatophobia
|-resisted|p2a: Thanatophobia
|-damage|p2a: Thanatophobia|0 fnt
|faint|p2a: Thanatophobia
|-end|p2a: Thanatophobia|fallen3|[silent]
|
|
|switch|p2a: Pyrophobia|Iron Moth, shiny|100/100
|-enditem|p2a: Pyrophobia|Booster Energy
|-activate|p2a: Pyrophobia|ability: Quark Drive|[fromitem]
|-start|p2a: Pyrophobia|quarkdrivespa
|turn|15
|
|-terastallize|p2a: Pyrophobia|Fairy
|move|p1a: Dragonite|Extreme Speed|p2a: Pyrophobia
|-damage|p2a: Pyrophobia|0 fnt
|faint|p2a: Pyrophobia
|-end|p2a: Pyrophobia|Quark Drive|[silent]
|
|
|switch|p2a: Apeirophobia|Walking Wake|100/100
|-enditem|p2a: Apeirophobia|Booster Energy
|-activate|p2a: Apeirophobia|ability: Protosynthesis|[fromitem]
|-start|p2a: Apeirophobia|protosynthesisspa
|turn|16
|
|move|p1a: Dragonite|Extreme Speed|p2a: Apeirophobia
|-damage|p2a: Apeirophobia|29/100
|move|p2a: Apeirophobia|Dragon Pulse|p1a: Dragonite
|-damage|p1a: Dragonite|0 fnt
|faint|p1a: Dragonite
|
|
|switch|p1a: Tornadus|Tornadus-Therian, M|100/100
|turn|17
|
|move|p1a: Tornadus|Bleakwind Storm|p2a: Apeirophobia|[miss]
|-miss|p1a: Tornadus|p2a: Apeirophobia
|move|p2a: Apeirophobia|Dragon Pulse|p1a: Tornadus
|-damage|p1a: Tornadus|42/100
|
|turn|18
|
|move|p1a: Tornadus|Bleakwind Storm|p2a: Apeirophobia|[miss]
|-miss|p1a: Tornadus|p2a: Apeirophobia
|move|p2a: Apeirophobia|Dragon Pulse|p1a: Tornadus
|-damage|p1a: Tornadus|0 fnt
|faint|p1a: Tornadus
|
|
|switch|p1a: Volcarona|Volcarona, F|100/100
|turn|19
|
|move|p2a: Apeirophobia|Hydro Steam|p1a: Volcarona
|-supereffective|p1a: Volcarona
|-damage|p1a: Volcarona|0 fnt
|faint|p1a: Volcarona
|
|
|switch|p1a: Magearna|Magearna|50/100
|turn|20
|
|move|p2a: Apeirophobia|Flamethrower|p1a: Magearna
|-supereffective|p1a: Magearna
|-damage|p1a: Magearna|0 fnt
|faint|p1a: Magearna
|
|win|p2
