|poke|p1|Cinderace, F|
|poke|p1|Great Tusk|
|poke|p1|Slowking, F|
|poke|p1|Chien-Pao|
|poke|p1|Amoonguss, F|
|poke|p1|Dondozo, F|
|poke|p2|Decidueye-Hisui, F|
|poke|p2|Typhlosion-Hisui, F|
|poke|p2|Magearna|
|poke|p2|Landorus-Therian, M|
|poke|p2|Zamazenta-*|
|poke|p2|Rotom-Wash|
|teampreview
|j| the eminence
|j| BenGayOintment
|
|start
|switch|p1a: Great Tusk|Great Tusk|100/100
|switch|p2a: Typhlosion|Typhlosion-Hisui, F|100/100
|turn|1
|j| Omegasization
|
|switch|p2a: Landorus|Landorus-Therian, M|100/100
|-ability|p2a: Landorus|Intimidate|boost
|-unboost|p1a: Great Tusk|atk|1
|-end|p1a: Great Tusk|Protosynthesis|[silent]
|switch|p1a: Slowking|Slowking, F|100/100
|
|turn|2
|j| Wolverinemon
|j| PichaExplosiva
|
|switch|p2a: Rotom|Rotom-Wash|100/100
|move|p1a: Slowking|Chilly Reception|p1a: Slowking
|-weather|Snow
|j| SOCIETY ESCAPE
|
|switch|p1a: Amoonguss|Amoonguss, F|100/100|[from] Chilly Reception
|
|-weather|Snow|[upkeep]
|turn|3
|
|move|p2a: Rotom|Volt Switch|p1a: Amoonguss
|-resisted|p1a: Amoonguss
|-damage|p1a: Amoonguss|90/100
|l| PichaExplosiva
|
|switch|p2a: Zamazenta|Zamazenta|100/100|[from] Volt Switch
|-ability|p2a: Zamazenta|Dauntless Shield|boost
|-boost|p2a: Zamazenta|def|1
|move|p1a: Amoonguss|Spore|p2a: Zamazenta
|-status|p2a: Zamazenta|slp|[from] move: Spore
|
|-weather|Snow|[upkeep]
|turn|4
|
|switch|p2a: Typhlosion|Typhlosion-Hisui, F|100/100
|switch|p1a: Slowking|Slowking, F|100/100
|
|-weather|Snow|[upkeep]
|turn|5
|
|move|p2a: Typhlosion|Shadow Ball|p1a: Slowking
|-supereffective|p1a: Slowking
|-damage|p1a: Slowking|27/100
|move|p1a: Slowking|Chilly Reception|p1a: Slowking
|
|switch|p1a: Chien-Pao|Chien-Pao|100/100|[from] Chilly Reception
|-ability|p1a: Chien-Pao|Sword of Ruin
|
|-weather|Snow|[upkeep]
|turn|6
|
|switch|p2a: Magearna|Magearna|100/100
|move|p1a: Chien-Pao|Ice Spinner|p2a: Magearna
|-resisted|p2a: Magearna
|-damage|p2a: Magearna|70/100
|
|-weather|none
|turn|7
|
|switch|p1a: Cinderace|Cinderace, F|100/100
|switch|p2a: Typhlosion|Typhlosion-Hisui, F|100/100
|
|turn|8
|
|move|p1a: Cinderace|Sucker Punch|p2a: Typhlosion
|-start|p1a: Cinderace|typechange|Dark|[from] ability: Libero
|-supereffective|p2a: Typhlosion
|-damage|p2a: Typhlosion|0 fnt
|faint|p2a: Typhlosion
|
|
|switch|p2a: Landorus|Landorus-Therian, M|100/100
|-ability|p2a: Landorus|Intimidate|boost
|-unboost|p1a: Cinderace|atk|1
|turn|9
|
|switch|p1a: Amoonguss|Amoonguss, F|100/100
|move|p2a: Landorus|Stealth Rock|p1a: Amoonguss
|-sidestart|p1: A Welcome Guest|move: Stealth Rock
|
|turn|10
|
|move|p2a: Landorus|Earthquake|p1a: Amoonguss
|-damage|p1a: Amoonguss|59/100
|move|p1a: Amoonguss|Grass Knot|p2a: Landorus
|-damage|p2a: Landorus|71/100
|
|-heal|p2a: Landorus|77/100|[from] item: Leftovers
|turn|11
|
|move|p2a: Landorus|Earthquake|p1a: Amoonguss
|-damage|p1a: Amoonguss|13/100
|move|p1a: Amoonguss|Sludge Bomb|p2a: Landorus
|-resisted|p2a: Landorus
|-damage|p2a: Landorus|59/100
|
|-heal|p2a: Landorus|65/100|[from] item: Leftovers
|turn|12
|
|switch|p1a: Dondozo|Dondozo, F|100/100
|-damage|p1a: Dondozo|88/100|[from] Stealth Rock
|move|p2a: Landorus|Earthquake|p1a: Dondozo
|-damage|p1a: Dondozo|62/100
|
|-heal|p2a: Landorus|71/100|[from] item: Leftovers
|-heal|p1a: Dondozo|68/100|[from] item: Leftovers
|turn|13
|
|switch|p2a: Rotom|Rotom-Wash|100/100
|move|p1a: Dondozo|Protect||[still]
|-fail|p1a: Dondozo
|
|-heal|p1a: Dondozo|74/100|[from] item: Leftovers
|turn|14
|
|switch|p1a: Amoonguss|Amoonguss, F|46/100
|-damage|p1a: Amoonguss|34/100|[from] Stealth Rock
|move|p2a: Rotom|Hydro Pump|p1a: Amoonguss
|-resisted|p1a: Amoonguss
|-damage|p1a: Amoonguss|15/100
|
|turn|15
|
|switch|p1a: Slowking|Slowking, F|60/100
|move|p2a: Rotom|Hydro Pump|p1a: Slowking|[miss]
|-miss|p2a: Rotom|p1a: Slowking
|
|turn|16
|
|move|p2a: Rotom|Volt Switch|p1a: Slowking
|-supereffective|p1a: Slowking
|-damage|p1a: Slowking|32/100
|
|switch|p2a: Landorus|Landorus-Therian, M|71/100|[from] Volt Switch
|-ability|p2a: Landorus|Intimidate|boost
|-unboost|p1a: Slowking|atk|1
|move|p1a: Slowking|Chilly Reception|p1a: Slowking
|-weather|Snow
|
|switch|p1a: Chien-Pao|Chien-Pao|100/100|[from] Chilly Reception
|-damage|p1a: Chien-Pao|76/100|[from] Stealth Rock
|-ability|p1a: Chien-Pao|Sword of Ruin
|
|-weather|Snow|[upkeep]
|-heal|p2a: Landorus|77/100|[from] item: Leftovers
|turn|17
|
|switch|p2a: Magearna|Magearna|70/100
|move|p1a: Chien-Pao|Sacred Sword|p2a: Magearna
|-damage|p2a: Magearna|26/100
|
|-weather|Snow|[upkeep]
|turn|18
|
|move|p1a: Chien-Pao|Sacred Sword|p2a: Magearna
|-damage|p2a: Magearna|0 fnt
|faint|p2a: Magearna
|
|-weather|Snow|[upkeep]
|
|switch|p2a: Landorus|Landorus-Therian, M|77/100
|-ability|p2a: Landorus|Intimidate|boost
|-unboost|p1a: Chien-Pao|atk|1
|turn|19
|
|switch|p1a: Great Tusk|Great Tusk|100/100
|-damage|p1a: Great Tusk|98/100|[from] Stealth Rock
|switch|p2a: Rotom|Rotom-Wash|100/100
|
|-weather|Snow|[upkeep]
|-heal|p1a: Great Tusk|100/100|[from] item: Leftovers
|turn|20
|
|move|p1a: Great Tusk|Rapid Spin|p2a: Rotom
|-damage|p2a: Rotom|81/100
|-boost|p1a: Great Tusk|spe|1
|-sideend|p1: A Welcome Guest|Stealth Rock|[from] move: Rapid Spin|[of] p1a: Great Tusk
|move|p2a: Rotom|Hydro Pump|p1a: Great Tusk
|-supereffective|p1a: Great Tusk
|-damage|p1a: Great Tusk|0 fnt
|faint|p1a: Great Tusk
|-end|p1a: Great Tusk|Protosynthesis|[silent]
|
|-weather|none
|-heal|p2a: Rotom|88/100|[from] item: Leftovers
|
|switch|p1a: Amoonguss|Amoonguss, F|48/100
|turn|21
|
|move|p2a: Rotom|Protect|p2a: Rotom
|-singleturn|p2a: Rotom|Protect
|move|p1a: Amoonguss|Sludge Bomb|p2a: Rotom
|-activate|p2a: Rotom|move: Protect
|
|-heal|p2a: Rotom|94/100|[from] item: Leftovers
|turn|22
|
|move|p2a: Rotom|Volt Switch|p1a: Amoonguss
|-resisted|p1a: Amoonguss
|-damage|p1a: Amoonguss|35/100
|
|switch|p2a: Landorus|Landorus-Therian, M|77/100|[from] Volt Switch
|-ability|p2a: Landorus|Intimidate|boost
|-unboost|p1a: Amoonguss|atk|1
|move|p1a: Amoonguss|Sludge Bomb|p2a: Landorus
|-resisted|p2a: Landorus
|-crit|p2a: Landorus
|-damage|p2a: Landorus|53/100
|
|-heal|p2a: Landorus|59/100|[from] item: Leftovers
|turn|23
|
|switch|p1a: Dondozo|Dondozo, F|74/100
|move|p2a: Landorus|Stealth Rock|p1a: Dondozo
|-sidestart|p1: A Welcome Guest|move: Stealth Rock
|
|-heal|p2a: Landorus|65/100|[from] item: Leftovers
|-heal|p1a: Dondozo|80/100|[from] item: Leftovers
|turn|24
|
|switch|p2a: Decidueye|Decidueye-Hisui, F|100/100
|switch|p1a: Amoonguss|Amoonguss, F|68/100
|-damage|p1a: Amoonguss|56/100|[from] Stealth Rock
|
|turn|25
|
|move|p2a: Decidueye|U-turn|p1a: Amoonguss
|-damage|p1a: Amoonguss|43/100
|-damage|p2a: Decidueye|84/100|[from] item: Rocky Helmet|[of] p1a: Amoonguss
|
|switch|p2a: Zamazenta|Zamazenta|100/100 slp|[from] U-turn
|move|p1a: Amoonguss|Sludge Bomb|p2a: Zamazenta
|-damage|p2a: Zamazenta|75/100 slp
|
|turn|26
|
|switch|p2a: Landorus|Landorus-Therian, M|65/100
|-ability|p2a: Landorus|Intimidate|boost
|-unboost|p1a: Amoonguss|atk|1
|move|p1a: Amoonguss|Grass Knot|p2a: Landorus
|-damage|p2a: Landorus|33/100
|
|-heal|p2a: Landorus|39/100|[from] item: Leftovers
|turn|27
|j| misterioussaint
|
|-terastallize|p1a: Amoonguss|Flying
|move|p2a: Landorus|Earthquake|p1a: Amoonguss
|-immune|p1a: Amoonguss
|move|p1a: Amoonguss|Grass Knot|p2a: Landorus
|-damage|p2a: Landorus|7/100
|
|-heal|p2a: Landorus|13/100|[from] item: Leftovers
|turn|28
|
|move|p2a: Landorus|Stone Edge|p1a: Amoonguss
|-supereffective|p1a: Amoonguss
|-damage|p1a: Amoonguss|0 fnt
|faint|p1a: Amoonguss
|
|-heal|p2a: Landorus|19/100|[from] item: Leftovers
|
|switch|p1a: Cinderace|Cinderace, F|100/100
|turn|29
|
|switch|p2a: Rotom|Rotom-Wash|94/100
|move|p1a: Cinderace|Pyro Ball|p2a: Rotom
|-resisted|p2a: Rotom
|-damage|p2a: Rotom|62/100
|
|-heal|p2a: Rotom|68/100|[from] item: Leftovers
|turn|30
|
|move|p1a: Cinderace|U-turn|p2a: Rotom
|-start|p1a: Cinderace|typechange|Bug|[from] ability: Libero
|-damage|p2a: Rotom|30/100
|
|switch|p1a: Slowking|Slowking, F|65/100|[from] U-turn
|move|p2a: Rotom|Hydro Pump|p1a: Slowking
|-resisted|p1a: Slowking
|-damage|p1a: Slowking|54/100
|
|-heal|p2a: Rotom|37/100|[from] item: Leftovers
|turn|31
|
|move|p2a: Rotom|Thunder Wave|p1a: Slowking
|-status|p1a: Slowking|par
|cant|p1a: Slowking|par
|
|-heal|p2a: Rotom|43/100|[from] item: Leftovers
|turn|32
|
|move|p2a: Rotom|Protect|p2a: Rotom
|-singleturn|p2a: Rotom|Protect
|move|p1a: Slowking|Chilly Reception|p1a: Slowking
|-weather|Snow
|
|switch|p1a: Chien-Pao|Chien-Pao|76/100|[from] Chilly Reception
|-damage|p1a: Chien-Pao|51/100|[from] Stealth Rock
|-ability|p1a: Chien-Pao|Sword of Ruin
|
|-weather|Snow|[upkeep]
|-heal|p2a: Rotom|49/100|[from] item: Leftovers
|turn|33
|
|switch|p2a: Landorus|Landorus-Therian, M|19/100
|-ability|p2a: Landorus|Intimidate|boost
|-unboost|p1a: Chien-Pao|atk|1
|move|p1a: Chien-Pao|Crunch|p2a: Landorus
|-damage|p2a: Landorus|0 fnt
|faint|p2a: Landorus
|
|-weather|Snow|[upkeep]
|
|switch|p2a: Zamazenta|Zamazenta|75/100 slp
|turn|34
|l| the eminence
|
|switch|p1a: Dondozo|Dondozo, F|80/100
|-damage|p1a: Dondozo|68/100|[from] Stealth Rock
|cant|p2a: Zamazenta|slp
|
|-weather|Snow|[upkeep]
|-heal|p1a: Dondozo|74/100|[from] item: Leftovers
|turn|35
|
|switch|p2a: Rotom|Rotom-Wash|49/100
|move|p1a: Dondozo|Curse|p1a: Dondozo
|-unboost|p1a: Dondozo|spe|1
|-boost|p1a: Dondozo|atk|1
|-boost|p1a: Dondozo|def|1
|
|-weather|Snow|[upkeep]
|-heal|p2a: Rotom|55/100|[from] item: Leftovers
|-heal|p1a: Dondozo|80/100|[from] item: Leftovers
|turn|36
|
|switch|p1a: Slowking|Slowking, F|87/100 par
|move|p2a: Rotom|Thunder Wave|p1a: Slowking
|-fail|p1a: Slowking|par
|
|-weather|none
|-heal|p2a: Rotom|62/100|[from] item: Leftovers
|turn|37
|
|move|p2a: Rotom|Volt Switch|p1a: Slowking
|-supereffective|p1a: Slowking
|-crit|p1a: Slowking
|-damage|p1a: Slowking|38/100 par
|
|switch|p2a: Zamazenta|Zamazenta|75/100 slp|[from] Volt Switch
|move|p1a: Slowking|Chilly Reception|p1a: Slowking
|-weather|Snow
|
|switch|p1a: Dondozo|Dondozo, F|80/100|[from] Chilly Reception
|-damage|p1a: Dondozo|68/100|[from] Stealth Rock
|
|-weather|Snow|[upkeep]
|-heal|p1a: Dondozo|74/100|[from] item: Leftovers
|turn|38
|
|cant|p2a: Zamazenta|slp
|move|p1a: Dondozo|Wave Crash|p2a: Zamazenta
|-damage|p2a: Zamazenta|40/100 slp
|-damage|p1a: Dondozo|67/100|[from] Recoil
|
|-weather|Snow|[upkeep]
|-heal|p1a: Dondozo|73/100|[from] item: Leftovers
|turn|39
|
|switch|p2a: Rotom|Rotom-Wash|62/100
|move|p1a: Dondozo|Curse|p1a: Dondozo
|-unboost|p1a: Dondozo|spe|1
|-boost|p1a: Dondozo|atk|1
|-boost|p1a: Dondozo|def|1
|
|-weather|Snow|[upkeep]
|-heal|p2a: Rotom|68/100|[from] item: Leftovers
|-heal|p1a: Dondozo|79/100|[from] item: Leftovers
|turn|40
|
|move|p1a: Dondozo|Protect|p1a: Dondozo
|-singleturn|p1a: Dondozo|Protect
|move|p2a: Rotom|Volt Switch|p1a: Dondozo
|-activate|p1a: Dondozo|move: Protect
|
|-weather|Snow|[upkeep]
|-heal|p2a: Rotom|74/100|[from] item: Leftovers
|-heal|p1a: Dondozo|85/100|[from] item: Leftovers
|turn|41
|
|switch|p1a: Slowking|Slowking, F|72/100 par
|move|p2a: Rotom|Volt Switch|p1a: Slowking
|-supereffective|p1a: Slowking
|-damage|p1a: Slowking|44/100 par
|
|switch|p2a: Zamazenta|Zamazenta|40/100 slp|[from] Volt Switch
|
|-weather|none
|turn|42
|
|switch|p1a: Dondozo|Dondozo, F|85/100
|-damage|p1a: Dondozo|73/100|[from] Stealth Rock
|cant|p2a: Zamazenta|slp
|
|-heal|p1a: Dondozo|79/100|[from] item: Leftovers
|turn|43
|
|switch|p2a: Rotom|Rotom-Wash|74/100
|move|p1a: Dondozo|Wave Crash|p2a: Rotom
|-resisted|p2a: Rotom
|-damage|p2a: Rotom|54/100
|-damage|p1a: Dondozo|75/100|[from] Recoil
|
|-heal|p2a: Rotom|60/100|[from] item: Leftovers
|-heal|p1a: Dondozo|81/100|[from] item: Leftovers
|turn|44
|
|switch|p1a: Slowking|Slowking, F|77/100 par
|move|p2a: Rotom|Volt Switch|p1a: Slowking
|-supereffective|p1a: Slowking
|-damage|p1a: Slowking|49/100 par
|
|switch|p2a: Zamazenta|Zamazenta|40/100 slp|[from] Volt Switch
|
|turn|45
|
|-curestatus|p2a: Zamazenta|slp|[msg]
|move|p2a: Zamazenta|Close Combat|p1a: Slowking
|-resisted|p1a: Slowking
|-damage|p1a: Slowking|2/100 par
|-unboost|p2a: Zamazenta|def|1
|-unboost|p2a: Zamazenta|spd|1
|move|p1a: Slowking|Chilly Reception|p1a: Slowking
|-weather|Snow
|j| luisYR_a
|
|switch|p1a: Chien-Pao|Chien-Pao|51/100|[from] Chilly Reception
|-damage|p1a: Chien-Pao|26/100|[from] Stealth Rock
|-ability|p1a: Chien-Pao|Sword of Ruin
|
|-weather|Snow|[upkeep]
|turn|46
|l| Omegasization
|j| Ahsan-219
|
|switch|p2a: Rotom|Rotom-Wash|60/100
|move|p1a: Chien-Pao|Ice Shard|p2a: Rotom
|-resisted|p2a: Rotom
|-damage|p2a: Rotom|38/100
|
|-weather|Snow|[upkeep]
|-heal|p2a: Rotom|44/100|[from] item: Leftovers
|turn|47
|
|switch|p1a: Slowking|Slowking, F|35/100 par
|move|p2a: Rotom|Protect||[still]
|-fail|p2a: Rotom
|
|-weather|Snow|[upkeep]
|-heal|p2a: Rotom|50/100|[from] item: Leftovers
|turn|48
|
|move|p2a: Rotom|Volt Switch|p1a: Slowking
|-supereffective|p1a: Slowking
|-damage|p1a: Slowking|3/100 par
|
|switch|p2a: Decidueye|Decidueye-Hisui, F|84/100|[from] Volt Switch
|move|p1a: Slowking|Chilly Reception|p1a: Slowking
|
|switch|p1a: Cinderace|Cinderace, F|100/100|[from] Chilly Reception
|
|-weather|Snow|[upkeep]
|turn|49
|
|move|p1a: Cinderace|Pyro Ball|p2a: Decidueye
|-supereffective|p2a: Decidueye
|-damage|p2a: Decidueye|0 fnt
|faint|p2a: Decidueye
|
|-weather|none
|
|switch|p2a: Zamazenta|Zamazenta|40/100
|turn|50
|
|switch|p1a: Slowking|Slowking, F|36/100 par
|-terastallize|p2a: Zamazenta|Fighting
|move|p2a: Zamazenta|Close Combat|p1a: Slowking
|-resisted|p1a: Slowking
|-damage|p1a: Slowking|0 fnt
|-unboost|p2a: Zamazenta|def|1
|-unboost|p2a: Zamazenta|spd|1
|faint|p1a: Slowking
|
|
|switch|p1a: Dondozo|Dondozo, F|81/100
|-damage|p1a: Dondozo|69/100|[from] Stealth Rock
|turn|51
|j| Ctannn
|
|move|p1a: Dondozo|Protect|p1a: Dondozo
|-singleturn|p1a: Dondozo|Protect
|move|p2a: Zamazenta|Close Combat|p1a: Dondozo
|-activate|p1a: Dondozo|move: Protect
|
|-heal|p1a: Dondozo|75/100|[from] item: Leftovers
|turn|52
|
|switch|p2a: Rotom|Rotom-Wash|50/100
|move|p1a: Dondozo|Wave Crash|p2a: Rotom
|-resisted|p2a: Rotom
|-damage|p2a: Rotom|27/100
|-damage|p1a: Dondozo|70/100|[from] Recoil
|
|-heal|p2a: Rotom|33/100|[from] item: Leftovers
|-heal|p1a: Dondozo|76/100|[from] item: Leftovers
|turn|53
|
|switch|p1a: Cinderace|Cinderace, F|100/100
|move|p2a: Rotom|Thunder Wave|p1a: Cinderace
|-status|p1a: Cinderace|par
|
|-heal|p2a: Rotom|39/100|[from] item: Leftovers
|turn|54
|
|move|p2a: Rotom|Protect|p2a: Rotom
|-singleturn|p2a: Rotom|Protect
|cant|p1a: Cinderace|par
|
|-heal|p2a: Rotom|46/100|[from] item: Leftovers
|turn|55
|
|cant|p1a: Cinderace|par
|move|p2a: Rotom|Hydro Pump|p1a: Cinderace
|-supereffective|p1a: Cinderace
|-damage|p1a: Cinderace|0 fnt
|faint|p1a: Cinderace
|
|-heal|p2a: Rotom|52/100|[from] item: Leftovers
|
|switch|p1a: Chien-Pao|Chien-Pao|26/100
|-damage|p1a: Chien-Pao|1/100|[from] Stealth Rock
|-ability|p1a: Chien-Pao|Sword of Ruin
|turn|56
|
|move|p2a: Rotom|Protect|p2a: Rotom
|-singleturn|p2a: Rotom|Protect
|move|p1a: Chien-Pao|Crunch|p2a: Rotom
|-activate|p2a: Rotom|move: Protect
|
|-heal|p2a: Rotom|58/100|[from] item: Leftovers
|turn|57
|j| the eminence
|l| the eminence
|j| Weezingsass
|j| ddddddabai
|l| Weezingsass
|
|switch|p2a: Zamazenta|Zamazenta, tera:Fighting|40/100
|move|p1a: Chien-Pao|Crunch|p2a: Zamazenta
|-resisted|p2a: Zamazenta
|-damage|p2a: Zamazenta|4/100
|-unboost|p2a: Zamazenta|def|1
|
|turn|58
|l| ddddddabai
|
|move|p2a: Zamazenta|Close Combat|p1a: Chien-Pao
|-supereffective|p1a: Chien-Pao
|-damage|p1a: Chien-Pao|0 fnt
|-unboost|p2a: Zamazenta|def|1
|-unboost|p2a: Zamazenta|spd|1
|faint|p1a: Chien-Pao
|
|
|switch|p1a: Dondozo|Dondozo, F|76/100
|-damage|p1a: Dondozo|64/100|[from] Stealth Rock
|turn|59
|
|move|p1a: Dondozo|Protect|p1a: Dondozo
|-singleturn|p1a: Dondozo|Protect
|move|p2a: Zamazenta|Close Combat|p1a: Dondozo
|-activate|p1a: Dondozo|move: Protect
|
|-heal|p1a: Dondozo|70/100|[from] item: Leftovers
|turn|60
|
|move|p2a: Zamazenta|Close Combat|p1a: Dondozo
|-damage|p1a: Dondozo|19/100
|-unboost|p2a: Zamazenta|def|1
|-unboost|p2a: Zamazenta|spd|1
|move|p1a: Dondozo|Wave Crash|p2a: Zamazenta
|-damage|p2a: Zamazenta|0 fnt
|faint|p2a: Zamazenta
|-damage|p1a: Dondozo|19/100|[from] Recoil
|
|-heal|p1a: Dondozo|25/100|[from] item: Leftovers
|
|switch|p2a: Rotom|Rotom-Wash|58/100
|turn|61
|
|move|p1a: Dondozo|Protect|p1a: Dondozo
|-singleturn|p1a: Dondozo|Protect
|move|p2a: Rotom|Volt Switch|p1a: Dondozo
|-activate|p1a: Dondozo|move: Protect
|
|-heal|p2a: Rotom|64/100|[from] item: Leftovers
|-heal|p1a: Dondozo|31/100|[from] item: Leftovers
|turn|62
|
|move|p2a: Rotom|Volt Switch|p1a: Dondozo
|-supereffective|p1a: Dondozo
|-damage|p1a: Dondozo|0 fnt
|faint|p1a: Dondozo
|
|win|mellow
|l|☆A Welcome Guest
|l| misterioussaint
|l| Wolverinemon
|j| ddddddabai
|l|☆mellow
|l| ddddddabai
|l| luisYR_a
|l| Ctannn
|l| Ahsan-219
