# advantage = p2
|poke|p1|Sneasler, F|
|poke|p1|Landorus-Therian, M|
|poke|p1|Corviknight, F|
|poke|p1|Great Tusk|
|poke|p1|Braviary-Hisui, M|
|poke|p1|Typhlosion-Hisui, F|
|poke|p2|Samurott-Hisui, M|
|poke|p2|Dragapult, F|
|poke|p2|Sneasler, F|
|poke|p2|Magearna|
|poke|p2|Volcarona, M|
|poke|p2|Zamazenta-*|
|teampreview
|
|start
|switch|p1a: Landorus|Landorus-Therian, M|100/100
|switch|p2a: Sneasler|Sneasler, F|100/100
|-item|p2a: Sneasler|Air Balloon
|-ability|p1a: Landorus|Intimidate|boost
|-unboost|p2a: Sneasler|atk|1
|turn|1
|
|-terastallize|p2a: Sneasler|Flying
|move|p2a: Sneasler|Dire Claw|p1a: Landorus
|-resisted|p1a: Landorus
|-damage|p1a: Landorus|87/100
|-status|p1a: Landorus|psn
|-damage|p2a: Sneasler|84/100|[from] item: Rocky Helmet|[of] p1a: Landorus
|move|p1a: Landorus|Stealth Rock|p2a: Sneasler
|-sidestart|p2: p2|move: Stealth Rock
|
|-damage|p1a: Landorus|75/100 psn|[from] psn
|turn|2
|
|move|p2a: Sneasler|Swords Dance|p2a: Sneasler
|-boost|p2a: Sneasler|atk|2
|move|p1a: Landorus|Tera Blast|p2a: Sneasler
|-damage|p2a: Sneasler|62/100
|-enditem|p2a: Sneasler|Air Balloon
|
|-damage|p1a: Landorus|63/100 psn|[from] psn
|turn|3
|
|move|p2a: Sneasler|Close Combat|p1a: Landorus
|-resisted|p1a: Landorus
|-damage|p1a: Landorus|19/100 psn
|-unboost|p2a: Sneasler|def|1
|-unboost|p2a: Sneasler|spd|1
|-damage|p2a: Sneasler|46/100|[from] item: Rocky Helmet|[of] p1a: Landorus
|move|p1a: Landorus|U-turn|p2a: Sneasler
|-resisted|p2a: Sneasler
|-damage|p2a: Sneasler|17/100
|
|switch|p1a: Corviknight|Corviknight, F|100/100|[from] U-turn
|-ability|p1a: Corviknight|Pressure
|
|turn|4
|
|move|p2a: Sneasler|Acrobatics|p1a: Corviknight
|-resisted|p1a: Corviknight
|-damage|p1a: Corviknight|65/100
|move|p1a: Corviknight|Bulk Up|p1a: Corviknight
|-boost|p1a: Corviknight|atk|1
|-boost|p1a: Corviknight|def|1
|
|turn|5
|
|move|p2a: Sneasler|Acrobatics|p1a: Corviknight
|-resisted|p1a: Corviknight
|-damage|p1a: Corviknight|37/100
|move|p1a: Corviknight|Roost|p1a: Corviknight
|-heal|p1a: Corviknight|87/100
|-singleturn|p1a: Corviknight|move: Roost
|
|turn|6
|
|move|p2a: Sneasler|Swords Dance|p2a: Sneasler
|-boost|p2a: Sneasler|atk|2
|move|p1a: Corviknight|Bulk Up|p1a: Corviknight
|-boost|p1a: Corviknight|atk|1
|-boost|p1a: Corviknight|def|1
|
|turn|7
|
|move|p2a: Sneasler|Acrobatics|p1a: Corviknight
|-resisted|p1a: Corviknight
|-damage|p1a: Corviknight|57/100
|move|p1a: Corviknight|Roost|p1a: Corviknight
|-heal|p1a: Corviknight|100/100
|-singleturn|p1a: Corviknight|move: Roost
|
|turn|8
|
|switch|p2a: Volcarona|Volcarona, M|100/100
|move|p1a: Corviknight|Bulk Up|p1a: Corviknight
|-boost|p1a: Corviknight|atk|1
|-boost|p1a: Corviknight|def|1
|
|turn|9
|
|-terastallize|p1a: Corviknight|Flying
|move|p2a: Volcarona|Fiery Dance|p1a: Corviknight
|-damage|p1a: Corviknight|71/100
|-boost|p2a: Volcarona|spa|1
|move|p1a: Corviknight|Power Trip|p2a: Volcarona
|-damage|p2a: Volcarona|0 fnt
|faint|p2a: Volcarona
|
|
|switch|p2a: Dragapult|Dragapult, F|100/100
|-damage|p2a: Dragapult|88/100|[from] Stealth Rock
|turn|10
|
|move|p2a: Dragapult|Reflect|p2a: Dragapult
|-sidestart|p2: p2|Reflect
|move|p1a: Corviknight|Roost|p1a: Corviknight
|-heal|p1a: Corviknight|100/100
|-hint|If a Flying Terastallized Pokemon uses Roost, it remains Flying-type.
|
|turn|11
|
|move|p2a: Dragapult|Curse|p1a: Corviknight
|-start|p1a: Corviknight|Curse|[of] p2a: Dragapult
|-damage|p2a: Dragapult|38/100
|move|p1a: Corviknight|Agility|p1a: Corviknight
|-boost|p1a: Corviknight|spe|2
|
|-damage|p1a: Corviknight|76/100|[from] Curse
|turn|12
|
|move|p2a: Dragapult|Light Screen|p2a: Dragapult
|-sidestart|p2: p2|move: Light Screen
|move|p1a: Corviknight|Power Trip|p2a: Dragapult
|-supereffective|p2a: Dragapult
|-damage|p2a: Dragapult|0 fnt
|-start|p1a: Corviknight|Disable|Power Trip|[from] ability: Cursed Body|[of] p2a: Dragapult
|faint|p2a: Dragapult
|
|-damage|p1a: Corviknight|51/100|[from] Curse
|
|switch|p2a: Samurott|Samurott-Hisui, M|100/100
|-damage|p2a: Samurott|88/100|[from] Stealth Rock
|turn|13
|
|move|p1a: Corviknight|Roost|p1a: Corviknight
|-heal|p1a: Corviknight|100/100
|-hint|If a Flying Terastallized Pokemon uses Roost, it remains Flying-type.
|move|p2a: Samurott|Razor Shell|p1a: Corviknight
|-damage|p1a: Corviknight|81/100
|-unboost|p1a: Corviknight|def|1
|
|-damage|p1a: Corviknight|56/100|[from] Curse
|turn|14
|
|move|p1a: Corviknight|Bulk Up|p1a: Corviknight
|-boost|p1a: Corviknight|atk|1
|-boost|p1a: Corviknight|def|1
|move|p2a: Samurott|Ceaseless Edge|p1a: Corviknight
|-damage|p1a: Corviknight|41/100
|-sidestart|p1: p1|Spikes
|
|-damage|p1a: Corviknight|16/100|[from] Curse
|turn|15
|
|move|p1a: Corviknight|Roost|p1a: Corviknight
|-heal|p1a: Corviknight|66/100
|-hint|If a Flying Terastallized Pokemon uses Roost, it remains Flying-type.
|move|p2a: Samurott|Ceaseless Edge|p1a: Corviknight
|-damage|p1a: Corviknight|50/100
|-sidestart|p1: p1|Spikes
|
|-damage|p1a: Corviknight|26/100|[from] Curse
|-end|p1a: Corviknight|Disable
|turn|16
|
|move|p1a: Corviknight|Roost|p1a: Corviknight
|-heal|p1a: Corviknight|76/100
|-hint|If a Flying Terastallized Pokemon uses Roost, it remains Flying-type.
|move|p2a: Samurott|Ceaseless Edge|p1a: Corviknight
|-damage|p1a: Corviknight|59/100
|-sidestart|p1: p1|Spikes
|
|-damage|p1a: Corviknight|34/100|[from] Curse
|turn|17
|
|move|p1a: Corviknight|Roost|p1a: Corviknight
|-heal|p1a: Corviknight|84/100
|-hint|If a Flying Terastallized Pokemon uses Roost, it remains Flying-type.
|move|p2a: Samurott|Taunt|p1a: Corviknight
|-start|p1a: Corviknight|move: Taunt
|
|-damage|p1a: Corviknight|59/100|[from] Curse
|-sideend|p2: p2|Reflect
|turn|18
|
|move|p1a: Corviknight|Power Trip|p2a: Samurott
|-resisted|p2a: Samurott
|-damage|p2a: Samurott|10/100
|move|p2a: Samurott|Razor Shell|p1a: Corviknight
|-damage|p1a: Corviknight|40/100
|-unboost|p1a: Corviknight|def|1
|
|-damage|p1a: Corviknight|16/100|[from] Curse
|turn|19
|
|move|p1a: Corviknight|Power Trip|p2a: Samurott
|-resisted|p2a: Samurott
|-damage|p2a: Samurott|0 fnt
|faint|p2a: Samurott
|
|-damage|p1a: Corviknight|0 fnt|[from] Curse
|faint|p1a: Corviknight
|-sideend|p2: p2|move: Light Screen
|
|switch|p2a: Magearna|Magearna|100/100
|switch|p1a: Braviary|Braviary-Hisui, M|100/100
|-damage|p2a: Magearna|94/100|[from] Stealth Rock
|turn|20
|
|move|p2a: Magearna|Calm Mind|p2a: Magearna
|-boost|p2a: Magearna|spa|1
|-boost|p2a: Magearna|spd|1
|move|p1a: Braviary|Esper Wing|p2a: Magearna
|-resisted|p2a: Magearna
|-damage|p2a: Magearna|74/100
|-boost|p1a: Braviary|spe|1
|
|-heal|p2a: Magearna|80/100|[from] item: Leftovers
|turn|21
|
|move|p1a: Braviary|Calm Mind|p1a: Braviary
|-boost|p1a: Braviary|spa|1
|-boost|p1a: Braviary|spd|1
|move|p2a: Magearna|Calm Mind|p2a: Magearna
|-boost|p2a: Magearna|spa|1
|-boost|p2a: Magearna|spd|1
|
|-heal|p2a: Magearna|86/100|[from] item: Leftovers
|turn|22
|
|move|p1a: Braviary|Calm Mind|p1a: Braviary
|-boost|p1a: Braviary|spa|1
|-boost|p1a: Braviary|spd|1
|move|p2a: Magearna|Calm Mind|p2a: Magearna
|-boost|p2a: Magearna|spa|1
|-boost|p2a: Magearna|spd|1
|
|-heal|p2a: Magearna|92/100|[from] item: Leftovers
|turn|23
|
|move|p1a: Braviary|Esper Wing|p2a: Magearna
|-resisted|p2a: Magearna
|-damage|p2a: Magearna|69/100
|-boost|p1a: Braviary|spe|1
|move|p2a: Magearna|Calm Mind|p2a: Magearna
|-boost|p2a: Magearna|spa|1
|-boost|p2a: Magearna|spd|1
|
|-heal|p2a: Magearna|75/100|[from] item: Leftovers
|turn|24
|
|move|p1a: Braviary|Esper Wing|p2a: Magearna
|-resisted|p2a: Magearna
|-damage|p2a: Magearna|57/100
|-boost|p1a: Braviary|spe|1
|move|p2a: Magearna|Stored Power|p1a: Braviary
|-resisted|p1a: Braviary
|-damage|p1a: Braviary|53/100
|
|-heal|p2a: Magearna|63/100|[from] item: Leftovers
|turn|25
|
|move|p1a: Braviary|Roost|p1a: Braviary
|-heal|p1a: Braviary|100/100
|-singleturn|p1a: Braviary|move: Roost
|move|p2a: Magearna|Calm Mind|p2a: Magearna
|-boost|p2a: Magearna|spa|1
|-boost|p2a: Magearna|spd|1
|
|-heal|p2a: Magearna|69/100|[from] item: Leftovers
|turn|26
|
|move|p1a: Braviary|Calm Mind|p1a: Braviary
|-boost|p1a: Braviary|spa|1
|-boost|p1a: Braviary|spd|1
|move|p2a: Magearna|Calm Mind|p2a: Magearna
|-boost|p2a: Magearna|spa|1
|-boost|p2a: Magearna|spd|1
|
|-heal|p2a: Magearna|75/100|[from] item: Leftovers
|turn|27
|
|move|p1a: Braviary|Calm Mind|p1a: Braviary
|-boost|p1a: Braviary|spa|1
|-boost|p1a: Braviary|spd|1
|move|p2a: Magearna|Stored Power|p1a: Braviary
|-resisted|p1a: Braviary
|-damage|p1a: Braviary|46/100
|
|-heal|p2a: Magearna|81/100|[from] item: Leftovers
|turn|28
|
|move|p1a: Braviary|Roost|p1a: Braviary
|-heal|p1a: Braviary|96/100
|-singleturn|p1a: Braviary|move: Roost
|move|p2a: Magearna|Stored Power|p1a: Braviary
|-resisted|p1a: Braviary
|-damage|p1a: Braviary|41/100
|
|-heal|p2a: Magearna|87/100|[from] item: Leftovers
|turn|29
|
|move|p1a: Braviary|Roost|p1a: Braviary
|-heal|p1a: Braviary|91/100
|-singleturn|p1a: Braviary|move: Roost
|move|p2a: Magearna|Iron Defense|p2a: Magearna
|-boost|p2a: Magearna|def|2
|
|-heal|p2a: Magearna|93/100|[from] item: Leftovers
|turn|30
|
|move|p1a: Braviary|Calm Mind|p1a: Braviary
|-boost|p1a: Braviary|spa|1
|-boost|p1a: Braviary|spd|1
|move|p2a: Magearna|Stored Power|p1a: Braviary
|-resisted|p1a: Braviary
|-damage|p1a: Braviary|35/100
|
|-heal|p2a: Magearna|99/100|[from] item: Leftovers
|turn|31
|
|move|p1a: Braviary|Esper Wing|p2a: Magearna
|-resisted|p2a: Magearna
|-damage|p2a: Magearna|75/100
|-boost|p1a: Braviary|spe|1
|move|p2a: Magearna|Stored Power|p1a: Braviary
|-resisted|p1a: Braviary
|-damage|p1a: Braviary|0 fnt
|faint|p1a: Braviary
|
|-heal|p2a: Magearna|81/100|[from] item: Leftovers
|
|switch|p1a: Great Tusk|Great Tusk|100/100
|-damage|p1a: Great Tusk|75/100|[from] Spikes
|-enditem|p1a: Great Tusk|Booster Energy
|-activate|p1a: Great Tusk|ability: Protosynthesis|[fromitem]
|-start|p1a: Great Tusk|protosynthesisatk
|turn|32
|
|move|p1a: Great Tusk|Headlong Rush|p2a: Magearna
|-supereffective|p2a: Magearna
|-damage|p2a: Magearna|20/100
|-unboost|p1a: Great Tusk|def|1
|-unboost|p1a: Great Tusk|spd|1
|move|p2a: Magearna|Stored Power|p1a: Great Tusk
|-supereffective|p1a: Great Tusk
|-crit|p1a: Great Tusk
|-damage|p1a: Great Tusk|0 fnt
|faint|p1a: Great Tusk
|-end|p1a: Great Tusk|Protosynthesis|[silent]
|
|-heal|p2a: Magearna|26/100|[from] item: Leftovers
|
|switch|p1a: Landorus|Landorus-Therian, M|19/100 psn
|-ability|p1a: Landorus|Intimidate|boost
|-unboost|p2a: Magearna|atk|1
|turn|33
|
|move|p1a: Landorus|Earthquake|p2a: Magearna
|-supereffective|p2a: Magearna
|-damage|p2a: Magearna|0 fnt
|faint|p2a: Magearna
|
|-damage|p1a: Landorus|6/100 psn|[from] psn
|
|switch|p2a: Zamazenta|Zamazenta-Crowned|100/100
|-damage|p2a: Zamazenta|97/100|[from] Stealth Rock
|-ability|p2a: Zamazenta|Dauntless Shield|boost
|-boost|p2a: Zamazenta|def|1
|turn|34
|
|switch|p2a: Sneasler|Sneasler, F, tera:Flying|17/100
|-damage|p2a: Sneasler|0 fnt|[from] Stealth Rock
|faint|p2a: Sneasler
|move|p1a: Landorus|Earthquake|p2: Sneasler|[notarget]
|-fail|p1a: Landorus
|
|-damage|p1a: Landorus|0 fnt|[from] psn
|faint|p1a: Landorus
|
|switch|p2a: Zamazenta|Zamazenta-Crowned|97/100
|switch|p1a: Sneasler|Sneasler, F|100/100
|-damage|p2a: Zamazenta|94/100|[from] Stealth Rock
|-item|p1a: Sneasler|Air Balloon
|turn|35
|
|move|p2a: Zamazenta|Iron Defense|p2a: Zamazenta
|-boost|p2a: Zamazenta|def|2
|move|p1a: Sneasler|Close Combat|p2a: Zamazenta
|-supereffective|p2a: Zamazenta
|-damage|p2a: Zamazenta|52/100
|-unboost|p1a: Sneasler|def|1
|-unboost|p1a: Sneasler|spd|1
|
|turn|36
|
|switch|p1a: Typhlosion|Typhlosion-Hisui, F|100/100
|-damage|p1a: Typhlosion|76/100|[from] Spikes
|move|p2a: Zamazenta|Body Press|p1a: Typhlosion
|-immune|p1a: Typhlosion
|
|turn|37
|
|move|p2a: Zamazenta|Crunch|p1a: Typhlosion
|-supereffective|p1a: Typhlosion
|-damage|p1a: Typhlosion|9/100
|move|p1a: Typhlosion|Flamethrower|p2a: Zamazenta
|-supereffective|p2a: Zamazenta
|-damage|p2a: Zamazenta|0 fnt
|faint|p2a: Zamazenta
|
|win|p1
