|poke|p1|Gallade, M|
|poke|p1|Gengar, F|
|poke|p1|Haxorus, M|
|poke|p1|Gastrodon, F|
|poke|p1|Scizor, M|
|poke|p1|Talonflame, M|
|poke|p2|Enamorus, F|
|poke|p2|Thundurus-Therian, M|
|poke|p2|Chien-Pao|
|poke|p2|Great Tusk|
|poke|p2|Volcanion|
|poke|p2|Zamazenta-*|
|teampreview
|
|start
|switch|p1a: Blake|Gallade, M|100/100
|switch|p2a: Enamorus|Enamorus, F, shiny|100/100
|turn|1
|
|switch|p1a: Hyrule|Scizor, M|100/100
|move|p2a: Enamorus|Moonblast|p1a: Hyrule
|-resisted|p1a: Hyrule
|-damage|p1a: Hyrule|71/100
|
|-heal|p1a: Hyrule|77/100|[from] item: Leftovers
|turn|2
|
|switch|p2a: Great Tusk|Great Tusk|100/100
|move|p1a: Hyrule|U-turn|p2a: Great Tusk
|-resisted|p2a: Great Tusk
|-damage|p2a: Great Tusk|93/100
|
|switch|p1a: Chibi|Gengar, F|100/100|[from] U-turn
|
|-heal|p2a: Great Tusk|99/100|[from] item: Leftovers
|turn|3
|
|move|p1a: Chibi|Energy Ball|p2a: Great Tusk
|-supereffective|p2a: Great Tusk
|-damage|p2a: Great Tusk|0 fnt
|faint|p2a: Great Tusk
|-end|p2a: Great Tusk|Protosynthesis|[silent]
|
|
|switch|p2a: Enamorus|Enamorus, F, shiny|100/100
|turn|4
|
|switch|p1a: Hyrule|Scizor, M|77/100
|move|p2a: Enamorus|Earth Power|p1a: Hyrule
|-damage|p1a: Hyrule|38/100
|
|-heal|p1a: Hyrule|44/100|[from] item: Leftovers
|turn|5
|
|switch|p2a: Volcanion|Volcanion|100/100
|move|p1a: Hyrule|U-turn|p2a: Volcanion
|-resisted|p2a: Volcanion
|-damage|p2a: Volcanion|89/100
|
|switch|p1a: Pepperoni|Gastrodon, F|100/100|[from] U-turn
|
|turn|6
|
|switch|p2a: Thundurus|Thundurus-Therian, M, shiny|100/100
|move|p1a: Pepperoni|Mud Shot|p2a: Thundurus
|-immune|p2a: Thundurus
|
|turn|7
|
|move|p2a: Thundurus|Nasty Plot|p2a: Thundurus
|-boost|p2a: Thundurus|spa|2
|move|p1a: Pepperoni|Icy Wind|p2a: Thundurus
|-supereffective|p2a: Thundurus
|-damage|p2a: Thundurus|66/100
|-unboost|p2a: Thundurus|spe|1
|
|turn|8
|
|move|p2a: Thundurus|Focus Blast|p1a: Pepperoni
|-damage|p1a: Pepperoni|60/100
|move|p1a: Pepperoni|Icy Wind|p2a: Thundurus
|-supereffective|p2a: Thundurus
|-damage|p2a: Thundurus|28/100
|-unboost|p2a: Thundurus|spe|1
|
|turn|9
|
|switch|p2a: Volcanion|Volcanion|89/100
|move|p1a: Pepperoni|Mud Shot|p2a: Volcanion
|-supereffective|p2a: Volcanion
|-crit|p2a: Volcanion
|-damage|p2a: Volcanion|28/100
|-unboost|p2a: Volcanion|spe|1
|
|turn|10
|
|move|p2a: Volcanion|Sludge Bomb|p1a: Pepperoni
|-resisted|p1a: Pepperoni
|-damage|p1a: Pepperoni|52/100
|-status|p1a: Pepperoni|psn
|move|p1a: Pepperoni|Mud Shot|p2a: Volcanion
|-supereffective|p2a: Volcanion
|-damage|p2a: Volcanion|0 fnt
|faint|p2a: Volcanion
|
|-damage|p1a: Pepperoni|39/100 psn|[from] psn
|
|switch|p2a: Chien-Pao|Chien-Pao|100/100
|-ability|p2a: Chien-Pao|Sword of Ruin
|turn|11
|
|move|p2a: Chien-Pao|Crunch|p1a: Pepperoni
|-damage|p1a: Pepperoni|0 fnt
|faint|p1a: Pepperoni
|
|
|switch|p1a: Blake|Gallade, M|100/100
|turn|12
|
|switch|p2a: Enamorus|Enamorus, F, shiny|100/100
|move|p1a: Blake|Sacred Sword|p2a: Enamorus
|-resisted|p2a: Enamorus
|-damage|p2a: Enamorus|73/100
|-start|p1a: Blake|Attract|[from] ability: Cute Charm|[of] p2a: Enamorus
|
|turn|13
|
|switch|p1a: Hyrule|Scizor, M|44/100
|move|p2a: Enamorus|Moonblast|p1a: Hyrule
|-resisted|p1a: Hyrule
|-damage|p1a: Hyrule|15/100
|
|-heal|p1a: Hyrule|21/100|[from] item: Leftovers
|turn|14
|
|move|p1a: Hyrule|Bullet Punch|p2a: Enamorus
|-supereffective|p2a: Enamorus
|-damage|p2a: Enamorus|0 fnt
|faint|p2a: Enamorus
|
|-heal|p1a: Hyrule|27/100|[from] item: Leftovers
|
|switch|p2a: Zamazenta|Zamazenta-Crowned|100/100
|-ability|p2a: Zamazenta|Dauntless Shield|boost
|-boost|p2a: Zamazenta|def|1
|turn|15
|
|move|p2a: Zamazenta|Iron Defense|p2a: Zamazenta
|-boost|p2a: Zamazenta|def|2
|move|p1a: Hyrule|Close Combat|p2a: Zamazenta
|-supereffective|p2a: Zamazenta
|-damage|p2a: Zamazenta|81/100
|-unboost|p1a: Hyrule|def|1
|-unboost|p1a: Hyrule|spd|1
|
|-heal|p1a: Hyrule|34/100|[from] item: Leftovers
|turn|16
|
|move|p2a: Zamazenta|Body Press|p1a: Hyrule
|-damage|p1a: Hyrule|0 fnt
|faint|p1a: Hyrule
|
|
|switch|p1a: Blake|Gallade, M|100/100
|turn|17
|
|-terastallize|p2a: Zamazenta|Fairy
|move|p1a: Blake|Sacred Sword|p2a: Zamazenta
|-resisted|p2a: Zamazenta
|-damage|p2a: Zamazenta|59/100
|move|p2a: Zamazenta|Crunch|p1a: Blake
|-damage|p1a: Blake|60/100
|
|turn|18
|
|switch|p1a: Axe|Haxorus, M|100/100
|-ability|p1a: Axe|Mold Breaker
|move|p2a: Zamazenta|Crunch|p1a: Axe
|-damage|p1a: Axe|71/100
|
|turn|19
|
|move|p2a: Zamazenta|Body Press|p1a: Axe
|-crit|p1a: Axe
|-damage|p1a: Axe|0 fnt
|faint|p1a: Axe
|
|
|switch|p1a: Chibi|Gengar, F|100/100
|turn|20
|
|-terastallize|p1a: Chibi|Grass
|move|p2a: Zamazenta|Crunch|p1a: Chibi
|-damage|p1a: Chibi|55/100
|-start|p2a: Zamazenta|Disable|Crunch|[from] ability: Cursed Body|[of] p1a: Chibi
|move|p1a: Chibi|Sludge Bomb|p2a: Zamazenta
|-supereffective|p2a: Zamazenta
|-damage|p2a: Zamazenta|0 fnt
|faint|p2a: Zamazenta
|
|
|switch|p2a: Chien-Pao|Chien-Pao|100/100
|-ability|p2a: Chien-Pao|Sword of Ruin
|turn|21
|
|move|p2a: Chien-Pao|Icicle Crash|p1a: Chibi
|-supereffective|p1a: Chibi
|-damage|p1a: Chibi|0 fnt
|faint|p1a: Chibi
|
|
|switch|p1a: Blake|Gallade, M|60/100
|turn|22
|
|move|p1a: Blake|Sacred Sword|p2a: Chien-Pao
|-supereffective|p2a: Chien-Pao
|-damage|p2a: Chien-Pao|0 fnt
|faint|p2a: Chien-Pao
|
|
|switch|p2a: Thundurus|Thundurus-Therian, M, shiny|28/100
|turn|23
|
|move|p1a: Blake|Sacred Sword|p2a: Thundurus
|-resisted|p2a: Thundurus
|-damage|p2a: Thundurus|0 fnt
|faint|p2a: Thundurus
|
|win|Icefanngs
