# advantage = p1
|poke|p1|Thundurus-Therian, M|
|poke|p1|Sneasler, F|
|poke|p1|Dragonite, F|
|poke|p1|Torkoal, F|
|poke|p1|Walking Wake|
|poke|p1|Decidueye-Hisui, M|
|poke|p2|Braviary-Hisui, M|
|poke|p2|Pelipper, M|
|poke|p2|Landorus-Therian, M|
|poke|p2|Kingambit, F|
|poke|p2|Zapdos|
|poke|p2|Iron Treads|
|teampreview
|
|start
|switch|p1a: Torkoal|Torkoal, F|100/100
|switch|p2a: Iron Treads|Iron Treads|100/100
|-weather|SunnyDay|[from] ability: Drought|[of] p1a: Torkoal
|turn|1
|
|-end|p2a: Iron Treads|Quark Drive|[silent]
|switch|p2a: Pelipper|Pelipper, M|100/100
|-weather|RainDance|[from] ability: Drizzle|[of] p2a: Pelipper
|move|p1a: Torkoal|Yawn|p2a: Pelipper
|-start|p2a: Pelipper|move: Yawn|[of] p1a: Torkoal
|
|-weather|RainDance|[upkeep]
|turn|2
|
|switch|p1a: Walking Wake|Walking Wake|100/100
|move|p2a: Pelipper|U-turn|p1a: Walking Wake
|-damage|p1a: Walking Wake|91/100
|
|switch|p2a: Braviary|Braviary-Hisui, M|100/100|[from] U-turn
|
|-weather|RainDance|[upkeep]
|turn|3
|
|switch|p2a: Iron Treads|Iron Treads|100/100
|move|p1a: Walking Wake|Draco Meteor|p2a: Iron Treads
|-resisted|p2a: Iron Treads
|-damage|p2a: Iron Treads|46/100
|-unboost|p1a: Walking Wake|spa|2
|
|-weather|RainDance|[upkeep]
|-heal|p2a: Iron Treads|53/100|[from] item: Leftovers
|turn|4
|
|-end|p1a: Walking Wake|Protosynthesis|[silent]
|switch|p1a: Torkoal|Torkoal, F|100/100
|-weather|SunnyDay|[from] ability: Drought|[of] p1a: Torkoal
|move|p2a: Iron Treads|Stealth Rock|p1a: Torkoal
|-sidestart|p1: p1|move: Stealth Rock
|
|-weather|SunnyDay|[upkeep]
|-heal|p2a: Iron Treads|59/100|[from] item: Leftovers
|turn|5
|
|-end|p2a: Iron Treads|Quark Drive|[silent]
|switch|p2a: Pelipper|Pelipper, M|100/100
|-weather|RainDance|[from] ability: Drizzle|[of] p2a: Pelipper
|switch|p1a: Walking Wake|Walking Wake|91/100
|-damage|p1a: Walking Wake|78/100|[from] Stealth Rock
|
|-weather|RainDance|[upkeep]
|turn|6
|
|switch|p2a: Iron Treads|Iron Treads|59/100
|move|p1a: Walking Wake|Hydro Steam|p2a: Iron Treads
|-supereffective|p2a: Iron Treads
|-damage|p2a: Iron Treads|0 fnt
|faint|p2a: Iron Treads
|-end|p2a: Iron Treads|Quark Drive|[silent]
|
|-weather|RainDance|[upkeep]
|
|switch|p2a: Braviary|Braviary-Hisui, M|100/100
|turn|7
|
|move|p1a: Walking Wake|Hydro Steam|p2a: Braviary
|-damage|p2a: Braviary|0 fnt
|faint|p2a: Braviary
|
|-weather|RainDance|[upkeep]
|
|switch|p2a: Zapdos|Zapdos|100/100
|turn|8
|
|-end|p1a: Walking Wake|Protosynthesis|[silent]
|switch|p1a: Thundurus|Thundurus-Therian, M|100/100
|-damage|p1a: Thundurus|76/100|[from] Stealth Rock
|move|p2a: Zapdos|Volt Switch|p1a: Thundurus
|-heal|p1a: Thundurus|100/100|[from] ability: Volt Absorb|[of] p2a: Zapdos
|
|-weather|RainDance|[upkeep]
|turn|9
|
|switch|p2a: Kingambit|Kingambit, F|100/100
|-activate|p2a: Kingambit|ability: Supreme Overlord
|-start|p2a: Kingambit|fallen2|[silent]
|move|p1a: Thundurus|Volt Switch|p2a: Kingambit
|-damage|p2a: Kingambit|30/100
|
|switch|p1a: Decidueye|Decidueye-Hisui, M|100/100|[from] Volt Switch
|
|-weather|RainDance|[upkeep]
|-heal|p2a: Kingambit|36/100|[from] item: Leftovers
|turn|10
|
|-end|p2a: Kingambit|fallen2|[silent]
|switch|p2a: Landorus|Landorus-Therian, M|100/100
|-ability|p2a: Landorus|Intimidate|boost
|-fail|p1a: Decidueye|unboost|Attack|[from] ability: Scrappy|[of] p1a: Decidueye
|move|p1a: Decidueye|Defog|p2a: Landorus
|-unboost|p2a: Landorus|evasion|1
|-sideend|p1: p1|Stealth Rock|[from] move: Defog|[of] p1a: Decidueye
|
|-weather|RainDance|[upkeep]
|turn|11
|
|switch|p1a: Torkoal|Torkoal, F|100/100
|-weather|SunnyDay|[from] ability: Drought|[of] p1a: Torkoal
|move|p2a: Landorus|Stealth Rock|p1a: Torkoal
|-sidestart|p1: p1|move: Stealth Rock
|
|-weather|SunnyDay|[upkeep]
|turn|12
|
|move|p2a: Landorus|Earthquake|p1a: Torkoal
|-supereffective|p1a: Torkoal
|-damage|p1a: Torkoal|31/100
|move|p1a: Torkoal|Yawn|p2a: Landorus
|-start|p2a: Landorus|move: Yawn|[of] p1a: Torkoal
|
|-weather|SunnyDay|[upkeep]
|turn|13
|
|switch|p1a: Thundurus|Thundurus-Therian, M|100/100
|-damage|p1a: Thundurus|76/100|[from] Stealth Rock
|move|p2a: Landorus|U-turn|p1a: Thundurus
|-resisted|p1a: Thundurus
|-damage|p1a: Thundurus|59/100
|
|switch|p2a: Kingambit|Kingambit, F|36/100|[from] U-turn
|-activate|p2a: Kingambit|ability: Supreme Overlord
|-start|p2a: Kingambit|fallen2|[silent]
|
|-weather|SunnyDay|[upkeep]
|-heal|p2a: Kingambit|42/100|[from] item: Leftovers
|turn|14
|
|move|p1a: Thundurus|Focus Blast|p2a: Kingambit
|-supereffective|p2a: Kingambit
|-damage|p2a: Kingambit|0 fnt
|faint|p2a: Kingambit
|-end|p2a: Kingambit|fallen2|[silent]
|
|-weather|SunnyDay|[upkeep]
|
|switch|p2a: Pelipper|Pelipper, M|100/100
|-weather|RainDance|[from] ability: Drizzle|[of] p2a: Pelipper
|turn|15
|
|move|p1a: Thundurus|Focus Blast|p2a: Pelipper
|-resisted|p2a: Pelipper
|-damage|p2a: Pelipper|66/100
|move|p2a: Pelipper|Hurricane|p1a: Thundurus
|-resisted|p1a: Thundurus
|-damage|p1a: Thundurus|31/100
|
|-weather|RainDance|[upkeep]
|turn|16
|
|switch|p1a: Torkoal|Torkoal, F|31/100
|-damage|p1a: Torkoal|6/100|[from] Stealth Rock
|-weather|SunnyDay|[from] ability: Drought|[of] p1a: Torkoal
|move|p2a: Pelipper|Roost|p2a: Pelipper
|-heal|p2a: Pelipper|100/100
|-singleturn|p2a: Pelipper|move: Roost
|
|-weather|SunnyDay|[upkeep]
|turn|17
|
|move|p2a: Pelipper|Roost||[still]
|-fail|p2a: Pelipper|heal
|move|p1a: Torkoal|Solar Beam||[still]
|-prepare|p1a: Torkoal|Solar Beam
|-anim|p1a: Torkoal|Solar Beam|p2a: Pelipper
|-damage|p2a: Pelipper|76/100
|
|-weather|SunnyDay|[upkeep]
|turn|18
|
|move|p2a: Pelipper|Roost|p2a: Pelipper
|-heal|p2a: Pelipper|100/100
|-singleturn|p2a: Pelipper|move: Roost
|move|p1a: Torkoal|Solar Beam||[still]
|-prepare|p1a: Torkoal|Solar Beam
|-anim|p1a: Torkoal|Solar Beam|p2a: Pelipper
|-supereffective|p2a: Pelipper
|-crit|p2a: Pelipper
|-damage|p2a: Pelipper|21/100
|
|-weather|SunnyDay|[upkeep]
|turn|19
|
|move|p2a: Pelipper|Roost|p2a: Pelipper
|-heal|p2a: Pelipper|71/100
|-singleturn|p2a: Pelipper|move: Roost
|move|p1a: Torkoal|Solar Beam||[still]
|-prepare|p1a: Torkoal|Solar Beam
|-anim|p1a: Torkoal|Solar Beam|p2a: Pelipper
|-supereffective|p2a: Pelipper
|-damage|p2a: Pelipper|25/100
|
|-weather|SunnyDay|[upkeep]
|turn|20
|
|move|p2a: Pelipper|Roost|p2a: Pelipper
|-heal|p2a: Pelipper|75/100
|-singleturn|p2a: Pelipper|move: Roost
|move|p1a: Torkoal|Solar Beam||[still]
|-prepare|p1a: Torkoal|Solar Beam
|-anim|p1a: Torkoal|Solar Beam|p2a: Pelipper
|-supereffective|p2a: Pelipper
|-damage|p2a: Pelipper|24/100
|
|-weather|SunnyDay|[upkeep]
|turn|21
|
|move|p2a: Pelipper|Roost|p2a: Pelipper
|-heal|p2a: Pelipper|74/100
|-singleturn|p2a: Pelipper|move: Roost
|move|p1a: Torkoal|Solar Beam||[still]
|-prepare|p1a: Torkoal|Solar Beam
|-anim|p1a: Torkoal|Solar Beam|p2a: Pelipper
|-supereffective|p2a: Pelipper
|-damage|p2a: Pelipper|20/100
|
|-weather|SunnyDay|[upkeep]
|turn|22
|
|move|p2a: Pelipper|Roost|p2a: Pelipper
|-heal|p2a: Pelipper|70/100
|-singleturn|p2a: Pelipper|move: Roost
|move|p1a: Torkoal|Solar Beam||[still]
|-prepare|p1a: Torkoal|Solar Beam
|-anim|p1a: Torkoal|Solar Beam|p2a: Pelipper
|-supereffective|p2a: Pelipper
|-damage|p2a: Pelipper|17/100
|
|-weather|SunnyDay|[upkeep]
|turn|23
|
|move|p2a: Pelipper|U-turn|p1a: Torkoal
|-resisted|p1a: Torkoal
|-damage|p1a: Torkoal|3/100
|
|switch|p2a: Zapdos|Zapdos|100/100|[from] U-turn
|move|p1a: Torkoal|Solar Beam||[still]
|-prepare|p1a: Torkoal|Solar Beam
|-anim|p1a: Torkoal|Solar Beam|p2a: Zapdos
|-resisted|p2a: Zapdos
|-damage|p2a: Zapdos|87/100
|
|-weather|none
|turn|24
|
|switch|p1a: Decidueye|Decidueye-Hisui, M|100/100
|move|p2a: Zapdos|Volt Switch|p1a: Decidueye
|-resisted|p1a: Decidueye
|-damage|p1a: Decidueye|85/100
|
|switch|p2a: Pelipper|Pelipper, M|17/100|[from] Volt Switch
|-weather|RainDance|[from] ability: Drizzle|[of] p2a: Pelipper
|
|-weather|RainDance|[upkeep]
|turn|25
|
|move|p1a: Decidueye|Defog|p2a: Pelipper
|-unboost|p2a: Pelipper|evasion|1
|-sideend|p1: p1|Stealth Rock|[from] move: Defog|[of] p1a: Decidueye
|move|p2a: Pelipper|Roost|p2a: Pelipper
|-heal|p2a: Pelipper|67/100
|-singleturn|p2a: Pelipper|move: Roost
|
|-weather|RainDance|[upkeep]
|turn|26
|
|switch|p1a: Torkoal|Torkoal, F|3/100
|-weather|SunnyDay|[from] ability: Drought|[of] p1a: Torkoal
|move|p2a: Pelipper|U-turn|p1a: Torkoal
|-resisted|p1a: Torkoal
|-damage|p1a: Torkoal|0 fnt
|faint|p1a: Torkoal
|
|switch|p2a: Zapdos|Zapdos|87/100|[from] U-turn
|
|-weather|SunnyDay|[upkeep]
|
|switch|p1a: Thundurus|Thundurus-Therian, M|31/100
|turn|27
|
|switch|p2a: Pelipper|Pelipper, M|67/100
|-weather|RainDance|[from] ability: Drizzle|[of] p2a: Pelipper
|move|p1a: Thundurus|Psychic|p2a: Pelipper
|-damage|p2a: Pelipper|12/100
|-unboost|p2a: Pelipper|spd|1
|
|-weather|RainDance|[upkeep]
|turn|28
|
|move|p1a: Thundurus|Psychic|p2a: Pelipper
|-damage|p2a: Pelipper|0 fnt
|faint|p2a: Pelipper
|
|-weather|RainDance|[upkeep]
|
|switch|p2a: Zapdos|Zapdos|87/100
|turn|29
|
|move|p1a: Thundurus|Psychic|p2a: Zapdos
|-damage|p2a: Zapdos|33/100
|move|p2a: Zapdos|Hurricane|p1a: Thundurus
|-resisted|p1a: Thundurus
|-damage|p1a: Thundurus|0 fnt
|faint|p1a: Thundurus
|
|-weather|RainDance|[upkeep]
|
|switch|p1a: Walking Wake|Walking Wake|78/100
|turn|30
|
|move|p1a: Walking Wake|Hydro Steam|p2a: Zapdos
|-damage|p2a: Zapdos|0 fnt
|faint|p2a: Zapdos
|
|-weather|RainDance|[upkeep]
|
|switch|p2a: Landorus|Landorus-Therian, M|100/100
|-ability|p2a: Landorus|Intimidate|boost
|-unboost|p1a: Walking Wake|atk|1
|turn|31
|
|move|p1a: Walking Wake|Hydro Steam|p2a: Landorus
|-supereffective|p2a: Landorus
|-damage|p2a: Landorus|0 fnt
|faint|p2a: Landorus
|
|win|p1
