|poke|p1|Zamazenta-*|
|poke|p1|Garganacl, F|
|poke|p1|Samurott-Hisui, F|
|poke|p1|Glimmora, M|
|poke|p1|Magearna|
|poke|p1|Iron Valiant|
|poke|p2|Ursaluna, F|
|poke|p2|Dragonite, F|
|poke|p2|Magearna|
|poke|p2|Samurott-Hisui, F|
|poke|p2|Great Tusk|
|poke|p2|Zamazenta-*|
|teampreview
|
|start
|switch|p1a: Samurott|Samurott-Hisui, F|100/100
|switch|p2a: Samurott|Samurott-Hisui, F|100/100
|turn|1
|
|switch|p1a: Garganacl|Garganacl, F|100/100
|move|p2a: Samurott|Sacred Sword|p1a: Garganacl
|-supereffective|p1a: Garganacl
|-damage|p1a: Garganacl|61/100
|
|-heal|p1a: Garganacl|67/100|[from] item: Leftovers
|turn|2
|
|-terastallize|p1a: Garganacl|Water
|move|p2a: Samurott|Ceaseless Edge|p1a: Garganacl
|-damage|p1a: Garganacl|46/100
|-sidestart|p1: BUGG1N|Spikes
|move|p1a: Garganacl|Salt Cure|p2a: Samurott
|-damage|p2a: Samurott|83/100
|-start|p2a: Samurott|Salt Cure
|
|-heal|p1a: Garganacl|52/100|[from] item: Leftovers
|-damage|p2a: Samurott|58/100|[from] Salt Cure
|turn|3
|
|move|p2a: Samurott|Ceaseless Edge|p1a: Garganacl
|-damage|p1a: Garganacl|28/100
|-sidestart|p1: BUGG1N|Spikes
|move|p1a: Garganacl|Recover|p1a: Garganacl
|-heal|p1a: Garganacl|78/100
|
|-heal|p1a: Garganacl|84/100|[from] item: Leftovers
|-damage|p2a: Samurott|33/100|[from] Salt Cure
|turn|4
|
|move|p2a: Samurott|Ceaseless Edge|p1a: Garganacl
|-damage|p1a: Garganacl|61/100
|-sidestart|p1: BUGG1N|Spikes
|move|p1a: Garganacl|Stealth Rock|p2a: Samurott
|-sidestart|p2: Bogging|move: Stealth Rock
|
|-heal|p1a: Garganacl|67/100|[from] item: Leftovers
|-damage|p2a: Samurott|8/100|[from] Salt Cure
|turn|5
|
|switch|p2a: Great Tusk|Great Tusk|100/100
|-damage|p2a: Great Tusk|98/100|[from] Stealth Rock
|move|p1a: Garganacl|Recover|p1a: Garganacl
|-heal|p1a: Garganacl|100/100
|
|-heal|p2a: Great Tusk|100/100|[from] item: Leftovers
|turn|6
|
|move|p2a: Great Tusk|Rapid Spin|p1a: Garganacl
|-damage|p1a: Garganacl|92/100
|-boost|p2a: Great Tusk|spe|1
|-sideend|p2: Bogging|Stealth Rock|[from] move: Rapid Spin|[of] p2a: Great Tusk
|move|p1a: Garganacl|Salt Cure|p2a: Great Tusk
|-resisted|p2a: Great Tusk
|-damage|p2a: Great Tusk|98/100
|-start|p2a: Great Tusk|Salt Cure
|
|-heal|p2a: Great Tusk|100/100|[from] item: Leftovers
|-heal|p1a: Garganacl|98/100|[from] item: Leftovers
|-damage|p2a: Great Tusk|88/100|[from] Salt Cure
|turn|7
|
|move|p2a: Great Tusk|Bulk Up|p2a: Great Tusk
|-boost|p2a: Great Tusk|atk|1
|-boost|p2a: Great Tusk|def|1
|move|p1a: Garganacl|Earthquake|p2a: Great Tusk
|-damage|p2a: Great Tusk|76/100
|
|-heal|p2a: Great Tusk|82/100|[from] item: Leftovers
|-heal|p1a: Garganacl|100/100|[from] item: Leftovers
|-damage|p2a: Great Tusk|70/100|[from] Salt Cure
|turn|8
|
|move|p2a: Great Tusk|Bulk Up|p2a: Great Tusk
|-boost|p2a: Great Tusk|atk|1
|-boost|p2a: Great Tusk|def|1
|move|p1a: Garganacl|Earthquake|p2a: Great Tusk
|-damage|p2a: Great Tusk|61/100
|
|-heal|p2a: Great Tusk|67/100|[from] item: Leftovers
|-damage|p2a: Great Tusk|55/100|[from] Salt Cure
|turn|9
|
|move|p2a: Great Tusk|Bulk Up|p2a: Great Tusk
|-boost|p2a: Great Tusk|atk|1
|-boost|p2a: Great Tusk|def|1
|move|p1a: Garganacl|Stealth Rock|p2a: Great Tusk
|-sidestart|p2: Bogging|move: Stealth Rock
|
|-heal|p2a: Great Tusk|61/100|[from] item: Leftovers
|-damage|p2a: Great Tusk|49/100|[from] Salt Cure
|turn|10
|
|move|p2a: Great Tusk|Rapid Spin|p1a: Garganacl
|-damage|p1a: Garganacl|78/100
|-boost|p2a: Great Tusk|spe|1
|-sideend|p2: Bogging|Stealth Rock|[from] move: Rapid Spin|[of] p2a: Great Tusk
|move|p1a: Garganacl|Earthquake|p2a: Great Tusk
|-damage|p2a: Great Tusk|42/100
|
|-heal|p2a: Great Tusk|48/100|[from] item: Leftovers
|-heal|p1a: Garganacl|85/100|[from] item: Leftovers
|-damage|p2a: Great Tusk|36/100|[from] Salt Cure
|turn|11
|
|move|p2a: Great Tusk|Headlong Rush|p1a: Garganacl
|-damage|p1a: Garganacl|0 fnt
|-unboost|p2a: Great Tusk|def|1
|-unboost|p2a: Great Tusk|spd|1
|faint|p1a: Garganacl
|
|-heal|p2a: Great Tusk|42/100|[from] item: Leftovers
|-damage|p2a: Great Tusk|29/100|[from] Salt Cure
|
|switch|p1a: Iron Valiant|Iron Valiant|100/100
|-damage|p1a: Iron Valiant|76/100|[from] Spikes
|turn|12
|
|move|p2a: Great Tusk|Headlong Rush|p1a: Iron Valiant
|-damage|p1a: Iron Valiant|0 fnt
|-unboost|p2a: Great Tusk|def|1
|-unboost|p2a: Great Tusk|spd|1
|faint|p1a: Iron Valiant
|-end|p1a: Iron Valiant|Quark Drive|[silent]
|
|-heal|p2a: Great Tusk|36/100|[from] item: Leftovers
|-damage|p2a: Great Tusk|23/100|[from] Salt Cure
|-message|BUGG1N forfeited.
|
|win|Bogging
