|poke|p1|Zamazenta-*|
|poke|p1|Meowscarada, F|
|poke|p1|Iron Valiant|
|poke|p1|Dragonite, M|
|poke|p1|Talonflame, F|
|poke|p1|Zapdos-Galar|
|poke|p2|Samurott-Hisui, M|
|poke|p2|Lilligant-Hisui, F|
|poke|p2|Iron Valiant|
|poke|p2|Uxie|
|poke|p2|Corviknight, M|
|poke|p2|Magearna|
|teampreview
|
|start
|switch|p1a: Meowscarada|Meowscarada, F|100/100
|switch|p2a: Uxie|Uxie|100/100
|turn|1
|
|move|p1a: Meowscarada|Knock Off|p2a: Uxie
|-supereffective|p2a: Uxie
|-damage|p2a: Uxie|32/100
|-enditem|p2a: Uxie|Light Clay|[from] move: Knock Off|[of] p1a: Meowscarada
|move|p2a: Uxie|Reflect|p2a: Uxie
|-sidestart|p2: p2|Reflect
|
|turn|2
|
|move|p1a: Meowscarada|Spikes|p2a: Uxie
|-sidestart|p2: p2|Spikes
|move|p2a: Uxie|Light Screen|p2a: Uxie
|-sidestart|p2: p2|move: Light Screen
|
|turn|3
|
|move|p1a: Meowscarada|Spikes|p2a: Uxie
|-sidestart|p2: p2|Spikes
|move|p2a: Uxie|Stealth Rock|p1a: Meowscarada
|-sidestart|p1: p1|move: Stealth Rock
|
|turn|4
|
|move|p1a: Meowscarada|Spikes|p2a: Uxie
|-sidestart|p2: p2|Spikes
|move|p2a: Uxie|Memento|p1a: Meowscarada
|-unboost|p1a: Meowscarada|atk|2
|-unboost|p1a: Meowscarada|spa|2
|faint|p2a: Uxie
|
|
|switch|p2a: Magearna|Magearna|100/100
|-damage|p2a: Magearna|75/100|[from] Spikes
|turn|5
|
|move|p1a: Meowscarada|U-turn|p2a: Magearna
|-resisted|p2a: Magearna
|-damage|p2a: Magearna|74/100
|
|switch|p1a: Talonflame|Talonflame, F|100/100|[from] U-turn
|move|p2a: Magearna|Shift Gear|p2a: Magearna
|-boost|p2a: Magearna|spe|2
|-boost|p2a: Magearna|atk|1
|
|-heal|p2a: Magearna|80/100|[from] item: Leftovers
|-sideend|p2: p2|Reflect
|turn|6
|
|-terastallize|p2a: Magearna|Water
|move|p2a: Magearna|Shift Gear|p2a: Magearna
|-boost|p2a: Magearna|spe|2
|-boost|p2a: Magearna|atk|1
|move|p1a: Talonflame|Defog|p2a: Magearna
|-unboost|p2a: Magearna|evasion|1
|-sideend|p2: p2|move: Light Screen
|-sideend|p2: p2|Spikes|[from] move: Defog|[of] p1a: Talonflame
|-sideend|p1: p1|Stealth Rock|[from] move: Defog|[of] p1a: Talonflame
|
|-heal|p2a: Magearna|86/100|[from] item: Leftovers
|turn|7
|
|move|p2a: Magearna|Calm Mind|p2a: Magearna
|-boost|p2a: Magearna|spa|1
|-boost|p2a: Magearna|spd|1
|move|p1a: Talonflame|Will-O-Wisp|p2a: Magearna
|-status|p2a: Magearna|brn
|
|-heal|p2a: Magearna|93/100 brn|[from] item: Leftovers
|-damage|p2a: Magearna|86/100 brn|[from] brn
|turn|8
|
|move|p2a: Magearna|Calm Mind|p2a: Magearna
|-boost|p2a: Magearna|spa|1
|-boost|p2a: Magearna|spd|1
|move|p1a: Talonflame|Flamethrower|p2a: Magearna
|-resisted|p2a: Magearna
|-damage|p2a: Magearna|81/100 brn
|
|-heal|p2a: Magearna|87/100 brn|[from] item: Leftovers
|-damage|p2a: Magearna|81/100 brn|[from] brn
|turn|9
|
|move|p2a: Magearna|Calm Mind|p2a: Magearna
|-boost|p2a: Magearna|spa|1
|-boost|p2a: Magearna|spd|1
|move|p1a: Talonflame|Flamethrower|p2a: Magearna
|-resisted|p2a: Magearna
|-damage|p2a: Magearna|77/100 brn
|
|-heal|p2a: Magearna|83/100 brn|[from] item: Leftovers
|-damage|p2a: Magearna|77/100 brn|[from] brn
|turn|10
|
|move|p2a: Magearna|Calm Mind|p2a: Magearna
|-boost|p2a: Magearna|spa|1
|-boost|p2a: Magearna|spd|1
|move|p1a: Talonflame|Flamethrower|p2a: Magearna
|-resisted|p2a: Magearna
|-damage|p2a: Magearna|74/100 brn
|
|-heal|p2a: Magearna|80/100 brn|[from] item: Leftovers
|-damage|p2a: Magearna|74/100 brn|[from] brn
|turn|11
|
|move|p2a: Magearna|Calm Mind|p2a: Magearna
|-boost|p2a: Magearna|spa|1
|-boost|p2a: Magearna|spd|1
|move|p1a: Talonflame|Flamethrower|p2a: Magearna
|-resisted|p2a: Magearna
|-damage|p2a: Magearna|71/100 brn
|
|-heal|p2a: Magearna|77/100 brn|[from] item: Leftovers
|-damage|p2a: Magearna|71/100 brn|[from] brn
|turn|12
|
|move|p2a: Magearna|Calm Mind|p2a: Magearna
|-boost|p2a: Magearna|spa|1
|-boost|p2a: Magearna|spd|1
|move|p1a: Talonflame|Flamethrower|p2a: Magearna
|-resisted|p2a: Magearna
|-damage|p2a: Magearna|69/100 brn
|
|-heal|p2a: Magearna|75/100 brn|[from] item: Leftovers
|-damage|p2a: Magearna|69/100 brn|[from] brn
|turn|13
|
|move|p2a: Magearna|Shift Gear|p2a: Magearna
|-boost|p2a: Magearna|spe|2
|-boost|p2a: Magearna|atk|1
|move|p1a: Talonflame|Flamethrower|p2a: Magearna
|-resisted|p2a: Magearna
|-damage|p2a: Magearna|66/100 brn
|
|-heal|p2a: Magearna|72/100 brn|[from] item: Leftovers
|-damage|p2a: Magearna|66/100 brn|[from] brn
|turn|14
|
|move|p2a: Magearna|Draining Kiss|p1a: Talonflame
|-resisted|p1a: Talonflame
|-damage|p1a: Talonflame|27/100
|-heal|p2a: Magearna|100/100 brn|[from] drain|[of] p1a: Talonflame
|move|p1a: Talonflame|Flamethrower|p2a: Magearna
|-resisted|p2a: Magearna
|-damage|p2a: Magearna|98/100 brn
|
|-heal|p2a: Magearna|100/100 brn|[from] item: Leftovers
|-damage|p2a: Magearna|94/100 brn|[from] brn
|turn|15
|
|move|p2a: Magearna|Draining Kiss|p1a: Talonflame
|-resisted|p1a: Talonflame
|-damage|p1a: Talonflame|0 fnt
|-heal|p2a: Magearna|100/100 brn|[from] drain|[of] p1a: Talonflame
|faint|p1a: Talonflame
|
|-damage|p2a: Magearna|94/100 brn|[from] brn
|
|switch|p1a: Meowscarada|Meowscarada, F|100/100
|turn|16
|
|move|p2a: Magearna|Draining Kiss|p1a: Meowscarada
|-supereffective|p1a: Meowscarada
|-enditem|p1a: Meowscarada|Focus Sash
|-damage|p1a: Meowscarada|1/100
|-heal|p2a: Magearna|100/100 brn|[from] drain|[of] p1a: Meowscarada
|move|p1a: Meowscarada|Flower Trick|p2a: Magearna
|-supereffective|p2a: Magearna
|-crit|p2a: Magearna
|-damage|p2a: Magearna|0 fnt
|faint|p2a: Magearna
|
|
|switch|p2a: Iron Valiant|Iron Valiant|100/100
|-enditem|p2a: Iron Valiant|Booster Energy
|-activate|p2a: Iron Valiant|ability: Quark Drive|[fromitem]
|-start|p2a: Iron Valiant|quarkdrivespe
|turn|17
|
|move|p2a: Iron Valiant|Moonblast|p1a: Meowscarada
|-supereffective|p1a: Meowscarada
|-damage|p1a: Meowscarada|0 fnt
|faint|p1a: Meowscarada
|
|
|switch|p1a: Iron Valiant|Iron Valiant|100/100
|turn|18
|
|-terastallize|p1a: Iron Valiant|Electric
|move|p2a: Iron Valiant|Moonblast|p1a: Iron Valiant
|-damage|p1a: Iron Valiant|22/100
|move|p1a: Iron Valiant|Moonblast|p2a: Iron Valiant
|-supereffective|p2a: Iron Valiant
|-damage|p2a: Iron Valiant|0 fnt
|faint|p2a: Iron Valiant
|-end|p2a: Iron Valiant|Quark Drive|[silent]
|
|
|switch|p2a: Samurott|Samurott-Hisui, M|100/100
|turn|19
|
|-end|p1a: Iron Valiant|Quark Drive|[silent]
|switch|p1a: Zapdos|Zapdos-Galar|100/100
|move|p2a: Samurott|Sucker Punch||[still]
|-fail|p2a: Samurott
|
|turn|20
|
|move|p1a: Zapdos|Bulk Up|p1a: Zapdos
|-boost|p1a: Zapdos|atk|1
|-boost|p1a: Zapdos|def|1
|move|p2a: Samurott|Aqua Cutter|p1a: Zapdos
|-damage|p1a: Zapdos|65/100
|
|turn|21
|
|move|p1a: Zapdos|Trailblaze|p2a: Samurott
|-supereffective|p2a: Samurott
|-damage|p2a: Samurott|36/100
|-boost|p1a: Zapdos|spe|1
|-damage|p1a: Zapdos|48/100|[from] item: Rocky Helmet|[of] p2a: Samurott
|move|p2a: Samurott|Aqua Cutter|p1a: Zapdos
|-damage|p1a: Zapdos|11/100
|
|turn|22
|
|move|p2a: Samurott|Sucker Punch||[still]
|-fail|p2a: Samurott
|move|p1a: Zapdos|Bulk Up|p1a: Zapdos
|-boost|p1a: Zapdos|atk|1
|-boost|p1a: Zapdos|def|1
|
|turn|23
|
|move|p2a: Samurott|Sucker Punch|p1a: Zapdos
|-resisted|p1a: Zapdos
|-damage|p1a: Zapdos|3/100
|move|p1a: Zapdos|Trailblaze|p2a: Samurott
|-supereffective|p2a: Samurott
|-damage|p2a: Samurott|0 fnt
|-boost|p1a: Zapdos|spe|1
|-damage|p1a: Zapdos|0 fnt|[from] item: Rocky Helmet|[of] p2a: Samurott
|faint|p2a: Samurott
|faint|p1a: Zapdos
|
|
|switch|p1a: Zamazenta|Zamazenta, shiny|100/100
|switch|p2a: Lilligant|Lilligant-Hisui, F|100/100
|-ability|p1a: Zamazenta|Dauntless Shield|boost
|-boost|p1a: Zamazenta|def|1
|turn|24
|
|move|p1a: Zamazenta|Close Combat|p2a: Lilligant
|-damage|p2a: Lilligant|0 fnt
|-unboost|p1a: Zamazenta|def|1
|-unboost|p1a: Zamazenta|spd|1
|faint|p2a: Lilligant
|-damage|p1a: Zamazenta|91/100|[from] item: Life Orb
|
|
|switch|p2a: Corviknight|Corviknight, M|100/100
|-ability|p2a: Corviknight|Pressure
|turn|25
|
|move|p1a: Zamazenta|Wild Charge|p2a: Corviknight
|-supereffective|p2a: Corviknight
|-damage|p2a: Corviknight|39/100
|-damage|p1a: Zamazenta|74/100|[from] item: Rocky Helmet|[of] p2a: Corviknight
|-damage|p1a: Zamazenta|55/100|[from] Recoil
|-damage|p1a: Zamazenta|45/100|[from] item: Life Orb
|move|p2a: Corviknight|Bulk Up|p2a: Corviknight
|-boost|p2a: Corviknight|atk|1
|-boost|p2a: Corviknight|def|1
|
|turn|26
|
|move|p1a: Zamazenta|Howl|p1a: Zamazenta
|-boost|p1a: Zamazenta|atk|1
|move|p2a: Corviknight|Roost|p2a: Corviknight
|-heal|p2a: Corviknight|89/100
|-singleturn|p2a: Corviknight|move: Roost
|
|turn|27
|
|move|p1a: Zamazenta|Wild Charge|p2a: Corviknight
|-supereffective|p2a: Corviknight
|-damage|p2a: Corviknight|28/100
|-damage|p1a: Zamazenta|29/100|[from] item: Rocky Helmet|[of] p2a: Corviknight
|-damage|p1a: Zamazenta|10/100|[from] Recoil
|-damage|p1a: Zamazenta|0 fnt|[from] item: Life Orb
|faint|p1a: Zamazenta
|move|p2a: Corviknight|Brave Bird|p1: Zamazenta|[notarget]
|-fail|p2a: Corviknight
|
|
|switch|p1a: Iron Valiant|Iron Valiant, tera:Electric|22/100
|turn|28
|
|move|p1a: Iron Valiant|Thunderbolt|p2a: Corviknight
|-supereffective|p2a: Corviknight
|-damage|p2a: Corviknight|0 fnt
|faint|p2a: Corviknight
|
|win|p1
