|poke|p1|Toedscruel, M|
|poke|p1|Garganacl, M|
|poke|p1|Gholdengo|
|poke|p1|Rotom-Wash|
|poke|p1|Chien-Pao|
|poke|p1|Volcarona, M|
|poke|p2|Zapdos-Galar|
|poke|p2|Great Tusk|
|poke|p2|Skeledirge, F|
|poke|p2|Zoroark-Hisui, M|
|poke|p2|Goodra-Hisui, M|
|poke|p2|Hatterene, F|
|teampreview
|
|start
|switch|p1a: Gholdengo|Gholdengo|100/100
|switch|p2a: Zapdos|Zapdos-Galar|100/100
|-item|p1a: Gholdengo|Air Balloon
|turn|1
|
|move|p2a: Zapdos|Knock Off|p1a: Gholdengo
|-supereffective|p1a: Gholdengo
|-damage|p1a: Gholdengo|1/100
|-enditem|p1a: Gholdengo|Air Balloon
|move|p1a: Gholdengo|Nasty Plot|p1a: Gholdengo
|-boost|p1a: Gholdengo|spa|2
|
|turn|2
|-message|p1 forfeited.
|
|win|p2
