# advantage = p1
|poke|p1|Espeon, M|
|poke|p1|Cinderace, F|
|poke|p1|Kingambit, F|
|poke|p1|Toxapex, M|
|poke|p1|Salamence, M|
|poke|p1|Lilligant-Hisui, F|
|poke|p2|Magearna|
|poke|p2|Amoonguss, F|
|poke|p2|Great Tusk|
|poke|p2|Chien-Pao|
|poke|p2|Garganacl, F|
|poke|p2|Gholdengo|
|teampreview
|
|start
|switch|p1a: Salamence|Salamence, M|100/100
|switch|p2a: Gholdengo|Gholdengo|100/100
|-ability|p1a: Salamence|Intimidate|boost
|-unboost|p2a: Gholdengo|atk|1
|turn|1
|
|switch|p2a: Amoonguss|Amoonguss, F|100/100
|switch|p1a: Cinderace|Cinderace, F|100/100
|
|turn|2
|
|switch|p2a: Garganacl|Garganacl, F|100/100
|move|p1a: Cinderace|Pyro Ball|p2a: Garganacl
|-resisted|p2a: Garganacl
|-damage|p2a: Garganacl|88/100
|
|-heal|p2a: Garganacl|94/100|[from] item: Leftovers
|turn|3
|
|move|p1a: Cinderace|U-turn|p2a: Garganacl
|-damage|p2a: Garganacl|84/100
|
|switch|p1a: Salamence|Salamence, M|100/100|[from] U-turn
|-ability|p1a: Salamence|Intimidate|boost
|-unboost|p2a: Garganacl|atk|1
|move|p2a: Garganacl|Salt Cure|p1a: Salamence
|-supereffective|p1a: Salamence
|-damage|p1a: Salamence|77/100
|-start|p1a: Salamence|Salt Cure
|
|-heal|p2a: Garganacl|90/100|[from] item: Leftovers
|-damage|p1a: Salamence|65/100|[from] Salt Cure
|turn|4
|
|switch|p1a: Toxapex|Toxapex, M|100/100
|switch|p2a: Amoonguss|Amoonguss, F|100/100
|
|turn|5
|
|switch|p1a: Espeon|Espeon, M|100/100
|move|p2a: Amoonguss|Spore|p1a: Espeon
|move|p1a: Espeon|Spore|p2a: Amoonguss|[from]ability: Magic Bounce
|-immune|p2a: Amoonguss
|
|turn|6
|
|switch|p2a: Gholdengo|Gholdengo|100/100
|move|p1a: Espeon|Substitute|p1a: Espeon
|-start|p1a: Espeon|Substitute
|-damage|p1a: Espeon|76/100
|
|-heal|p1a: Espeon|82/100|[from] item: Leftovers
|turn|7
|
|move|p2a: Gholdengo|Shadow Ball|p1a: Espeon
|-supereffective|p1a: Espeon
|-crit|p1a: Espeon
|-end|p1a: Espeon|Substitute
|move|p1a: Espeon|Calm Mind|p1a: Espeon
|-boost|p1a: Espeon|spa|1
|-boost|p1a: Espeon|spd|1
|
|-heal|p1a: Espeon|88/100|[from] item: Leftovers
|turn|8
|
|-terastallize|p1a: Espeon|Fairy
|move|p2a: Gholdengo|Shadow Ball|p1a: Espeon
|-damage|p1a: Espeon|53/100
|move|p1a: Espeon|Calm Mind|p1a: Espeon
|-boost|p1a: Espeon|spa|1
|-boost|p1a: Espeon|spd|1
|
|-heal|p1a: Espeon|59/100|[from] item: Leftovers
|turn|9
|
|move|p2a: Gholdengo|Shadow Ball|p1a: Espeon
|-damage|p1a: Espeon|36/100
|move|p1a: Espeon|Substitute|p1a: Espeon
|-start|p1a: Espeon|Substitute
|-damage|p1a: Espeon|11/100
|
|-heal|p1a: Espeon|17/100|[from] item: Leftovers
|turn|10
|
|move|p2a: Gholdengo|Shadow Ball|p1a: Espeon
|-activate|p1a: Espeon|move: Substitute|[damage]
|move|p1a: Espeon|Stored Power|p2a: Gholdengo
|-resisted|p2a: Gholdengo
|-damage|p2a: Gholdengo|54/100
|
|-heal|p1a: Espeon|23/100|[from] item: Leftovers
|turn|11
|
|move|p2a: Gholdengo|Shadow Ball|p1a: Espeon
|-end|p1a: Espeon|Substitute
|move|p1a: Espeon|Stored Power|p2a: Gholdengo
|-resisted|p2a: Gholdengo
|-damage|p2a: Gholdengo|1/100
|
|-heal|p1a: Espeon|29/100|[from] item: Leftovers
|turn|12
|
|move|p2a: Gholdengo|Shadow Ball|p1a: Espeon
|-damage|p1a: Espeon|3/100
|-unboost|p1a: Espeon|spd|1
|move|p1a: Espeon|Draining Kiss|p2a: Gholdengo
|-resisted|p2a: Gholdengo
|-damage|p2a: Gholdengo|0 fnt
|-heal|p1a: Espeon|4/100|[from] drain|[of] p2a: Gholdengo
|faint|p2a: Gholdengo
|
|-heal|p1a: Espeon|10/100|[from] item: Leftovers
|
|switch|p2a: Chien-Pao|Chien-Pao|100/100
|-ability|p2a: Chien-Pao|Sword of Ruin
|turn|13
|
|move|p2a: Chien-Pao|Ice Spinner|p1a: Espeon
|-damage|p1a: Espeon|0 fnt
|faint|p1a: Espeon
|
|
|switch|p1a: Toxapex|Toxapex, M|100/100
|turn|14
|
|switch|p2a: Amoonguss|Amoonguss, F|100/100
|move|p1a: Toxapex|Toxic|p2a: Amoonguss
|-immune|p2a: Amoonguss
|
|turn|15
|
|switch|p1a: Lilligant|Lilligant-Hisui, F, shiny|100/100
|move|p2a: Amoonguss|Sludge Bomb|p1a: Lilligant
|-supereffective|p1a: Lilligant
|-damage|p1a: Lilligant|12/100
|-status|p1a: Lilligant|psn
|
|-damage|p1a: Lilligant|0 fnt|[from] psn
|faint|p1a: Lilligant
|
|switch|p1a: Cinderace|Cinderace, F|100/100
|turn|16
|
|switch|p2a: Garganacl|Garganacl, F|90/100
|move|p1a: Cinderace|Pyro Ball|p2a: Garganacl
|-resisted|p2a: Garganacl
|-damage|p2a: Garganacl|78/100
|
|-heal|p2a: Garganacl|84/100|[from] item: Leftovers
|turn|17
|
|move|p1a: Cinderace|U-turn|p2a: Garganacl
|-damage|p2a: Garganacl|75/100
|
|switch|p1a: Toxapex|Toxapex, M|100/100|[from] U-turn
|move|p2a: Garganacl|Salt Cure|p1a: Toxapex
|-damage|p1a: Toxapex|92/100
|
|-heal|p2a: Garganacl|81/100|[from] item: Leftovers
|turn|18
|
|switch|p2a: Amoonguss|Amoonguss, F|100/100
|move|p1a: Toxapex|Surf|p2a: Amoonguss
|-resisted|p2a: Amoonguss
|-damage|p2a: Amoonguss|92/100
|-enditem|p2a: Amoonguss|Red Card|[of] p1a: Toxapex
|drag|p1a: Salamence|Salamence, M|65/100
|-ability|p1a: Salamence|Intimidate|boost
|-unboost|p2a: Amoonguss|atk|1
|
|turn|19
|
|move|p1a: Salamence|Dual Wingbeat|p2a: Amoonguss
|-supereffective|p2a: Amoonguss
|-damage|p2a: Amoonguss|58/100
|-supereffective|p2a: Amoonguss
|-damage|p2a: Amoonguss|24/100
|-hitcount|p2a: Amoonguss|2
|move|p2a: Amoonguss|Spore|p1a: Salamence
|-status|p1a: Salamence|slp|[from] move: Spore
|
|turn|20
|
|switch|p2a: Magearna|Magearna|100/100
|cant|p1a: Salamence|slp
|
|turn|21
|
|switch|p1a: Toxapex|Toxapex, M|100/100
|move|p2a: Magearna|Shift Gear|p2a: Magearna
|-boost|p2a: Magearna|spe|2
|-boost|p2a: Magearna|atk|1
|
|turn|22
|
|move|p2a: Magearna|Calm Mind|p2a: Magearna
|-boost|p2a: Magearna|spa|1
|-boost|p2a: Magearna|spd|1
|move|p1a: Toxapex|Haze|p1a: Toxapex
|-clearallboost
|
|turn|23
|
|switch|p1a: Cinderace|Cinderace, F|100/100
|move|p2a: Magearna|Calm Mind|p2a: Magearna
|-boost|p2a: Magearna|spa|1
|-boost|p2a: Magearna|spd|1
|
|turn|24
|
|-terastallize|p2a: Magearna|Water
|move|p1a: Cinderace|Pyro Ball|p2a: Magearna
|-resisted|p2a: Magearna
|-damage|p2a: Magearna|76/100
|move|p2a: Magearna|Shift Gear|p2a: Magearna
|-boost|p2a: Magearna|spe|2
|-boost|p2a: Magearna|atk|1
|
|-heal|p2a: Magearna|82/100|[from] item: Leftovers
|turn|25
|
|switch|p1a: Toxapex|Toxapex, M|100/100
|move|p2a: Magearna|Stored Power|p1a: Toxapex
|-supereffective|p1a: Toxapex
|-damage|p1a: Toxapex|1/100
|
|-heal|p2a: Magearna|88/100|[from] item: Leftovers
|turn|26
|
|move|p2a: Magearna|Draining Kiss|p1a: Toxapex
|-resisted|p1a: Toxapex
|-damage|p1a: Toxapex|0 fnt
|-heal|p2a: Magearna|89/100|[from] drain|[of] p1a: Toxapex
|faint|p1a: Toxapex
|-ability|p2a: Magearna|Soul-Heart|boost
|-boost|p2a: Magearna|spa|1
|
|-heal|p2a: Magearna|95/100|[from] item: Leftovers
|-message|p1 forfeited.
|
|win|p2
