|poke|p1|Pelipper, F|
|poke|p1|Basculegion, M|
|poke|p1|Samurott-Hisui, M|
|poke|p1|Urshifu-*, M|
|poke|p1|Amoonguss, F|
|poke|p1|Zapdos|
|poke|p2|Baxcalibur, F|
|poke|p2|Ursaluna, M|
|poke|p2|Enamorus-Therian, F|
|poke|p2|Dragapult, M|
|poke|p2|Magearna|
|poke|p2|Great Tusk|
|teampreview
|
|start
|switch|p1a: Samurott|Samurott-Hisui, M|100/100
|switch|p2a: Magearna|Magearna|100/100
|turn|1
|
|move|p1a: Samurott|Razor Shell|p2a: Magearna
|-damage|p2a: Magearna|59/100
|-unboost|p2a: Magearna|def|1
|move|p2a: Magearna|Fleur Cannon|p1a: Samurott
|-supereffective|p1a: Samurott
|-damage|p1a: Samurott|0 fnt
|-unboost|p2a: Magearna|spa|2
|faint|p1a: Samurott
|-ability|p2a: Magearna|Soul-Heart|boost
|-boost|p2a: Magearna|spa|1
|
|
|switch|p1a: toilet|Pelipper, F|100/100
|-weather|RainDance|[from] ability: Drizzle|[of] p1a: toilet
|turn|2
|
|move|p2a: Magearna|Reflect|p2a: Magearna
|-sidestart|p2: booooobakar|Reflect
|move|p1a: toilet|Hydro Pump|p2a: Magearna
|-damage|p2a: Magearna|11/100
|
|-weather|RainDance|[upkeep]
|turn|3
|
|move|p2a: Magearna|Light Screen|p2a: Magearna
|-sidestart|p2: booooobakar|move: Light Screen
|move|p1a: toilet|U-turn|p2a: Magearna
|-resisted|p2a: Magearna
|-damage|p2a: Magearna|10/100
|
|switch|p1a: Urshifu|Urshifu-Rapid-Strike, M|100/100|[from] U-turn
|
|-weather|RainDance|[upkeep]
|turn|4
|
|move|p1a: Urshifu|Surging Strikes|p2a: Magearna
|-crit|p2a: Magearna
|-damage|p2a: Magearna|0 fnt
|faint|p2a: Magearna
|-hitcount|p2: Magearna|1
|
|-weather|RainDance|[upkeep]
|
|switch|p2a: Enamorus|Enamorus-Therian, F|100/100
|turn|5
|
|move|p1a: Urshifu|Surging Strikes|p2a: Enamorus
|-crit|p2a: Enamorus
|-damage|p2a: Enamorus|70/100
|-crit|p2a: Enamorus
|-damage|p2a: Enamorus|41/100
|-crit|p2a: Enamorus
|-damage|p2a: Enamorus|12/100
|-hitcount|p2a: Enamorus|3
|move|p2a: Enamorus|Moonblast|p1a: Urshifu
|-supereffective|p1a: Urshifu
|-damage|p1a: Urshifu|0 fnt
|faint|p1a: Urshifu
|-damage|p2a: Enamorus|2/100|[from] item: Life Orb
|
|-weather|RainDance|[upkeep]
|
|switch|p1a: Zapdos|Zapdos|100/100
|-ability|p1a: Zapdos|Pressure
|turn|6
|
|switch|p2a: Ursaluna|Ursaluna, M|100/100
|move|p1a: Zapdos|Volt Switch|p2a: Ursaluna
|-immune|p2a: Ursaluna
|
|-weather|RainDance|[upkeep]
|-status|p2a: Ursaluna|brn|[from] item: Flame Orb
|turn|7
|
|move|p1a: Zapdos|Hurricane|p2a: Ursaluna
|-damage|p2a: Ursaluna|75/100 brn
|move|p2a: Ursaluna|Swords Dance|p2a: Ursaluna
|-boost|p2a: Ursaluna|atk|2
|
|-weather|RainDance|[upkeep]
|-damage|p2a: Ursaluna|69/100 brn|[from] brn
|turn|8
|
|switch|p1a: one punch man|Basculegion, M|100/100
|move|p2a: Ursaluna|Facade|p1a: one punch man
|-immune|p1a: one punch man
|
|-weather|RainDance|[upkeep]
|-damage|p2a: Ursaluna|63/100 brn|[from] brn
|turn|9
|
|-terastallize|p1a: one punch man|Water
|-terastallize|p2a: Ursaluna|Normal
|move|p1a: one punch man|Wave Crash|p2a: Ursaluna
|-crit|p2a: Ursaluna
|-damage|p2a: Ursaluna|0 fnt
|faint|p2a: Ursaluna
|-damage|p1a: one punch man|76/100|[from] Recoil
|
|-weather|none
|-sideend|p2: booooobakar|Reflect
|
|switch|p2a: Dragapult|Dragapult, M|100/100
|turn|10
|
|switch|p1a: toilet|Pelipper, F|100/100
|-weather|RainDance|[from] ability: Drizzle|[of] p1a: toilet
|move|p2a: Dragapult|Dragon Darts|p1a: toilet
|-damage|p1a: toilet|76/100
|-anim|p2a: Dragapult|Dragon Darts|p1a: toilet
|-damage|p1a: toilet|51/100
|-damage|p2a: Dragapult|91/100|[from] item: Life Orb
|
|-weather|RainDance|[upkeep]
|-sideend|p2: booooobakar|move: Light Screen
|turn|11
|
|switch|p1a: Amoonguss|Amoonguss, F|100/100
|move|p2a: Dragapult|Dragon Darts|p1a: Amoonguss
|-crit|p1a: Amoonguss
|-damage|p1a: Amoonguss|47/100
|-anim|p2a: Dragapult|Dragon Darts|p1a: Amoonguss
|-damage|p1a: Amoonguss|16/100
|-damage|p2a: Dragapult|81/100|[from] item: Life Orb
|
|-weather|RainDance|[upkeep]
|-heal|p1a: Amoonguss|22/100|[from] item: Black Sludge
|turn|12
|
|move|p2a: Dragapult|Dragon Darts|p1a: Amoonguss
|-damage|p1a: Amoonguss|0 fnt
|faint|p1a: Amoonguss
|-damage|p2a: Dragapult|71/100|[from] item: Life Orb
|
|-weather|RainDance|[upkeep]
|
|switch|p1a: Zapdos|Zapdos|100/100
|-ability|p1a: Zapdos|Pressure
|turn|13
|
|move|p2a: Dragapult|Dragon Darts|p1a: Zapdos
|-damage|p1a: Zapdos|60/100
|-anim|p2a: Dragapult|Dragon Darts|p1a: Zapdos
|-damage|p1a: Zapdos|23/100
|-damage|p2a: Dragapult|61/100|[from] item: Life Orb
|move|p1a: Zapdos|Hurricane|p2a: Dragapult
|-damage|p2a: Dragapult|0 fnt
|faint|p2a: Dragapult
|
|-weather|RainDance|[upkeep]
|
|switch|p2a: Baxcalibur|Baxcalibur, F|100/100
|turn|14
|
|move|p1a: Zapdos|Hurricane|p2a: Baxcalibur
|-damage|p2a: Baxcalibur|43/100
|move|p2a: Baxcalibur|Dragon Dance|p2a: Baxcalibur
|-boost|p2a: Baxcalibur|atk|1
|-boost|p2a: Baxcalibur|spe|1
|
|-weather|RainDance|[upkeep]
|turn|15
|
|move|p2a: Baxcalibur|Icicle Spear|p1a: Zapdos
|-supereffective|p1a: Zapdos
|-damage|p1a: Zapdos|0 fnt
|faint|p1a: Zapdos
|-hitcount|p1: Zapdos|1
|
|-weather|RainDance|[upkeep]
|
|switch|p1a: one punch man|Basculegion, M, tera:Water|76/100
|turn|16
|
|switch|p2a: Great Tusk|Great Tusk|100/100
|move|p1a: one punch man|Wave Crash|p2a: Great Tusk
|-supereffective|p2a: Great Tusk
|-damage|p2a: Great Tusk|0 fnt
|faint|p2a: Great Tusk
|-end|p2a: Great Tusk|Protosynthesis|[silent]
|-damage|p1a: one punch man|38/100|[from] Recoil
|
|-weather|RainDance|[upkeep]
|
|switch|p2a: Enamorus|Enamorus-Therian, F|2/100
|turn|17
|
|move|p1a: one punch man|Wave Crash|p2a: Enamorus
|-damage|p2a: Enamorus|0 fnt
|faint|p2a: Enamorus
|-damage|p1a: one punch man|38/100|[from] Recoil
|
|-weather|none
|
|switch|p2a: Baxcalibur|Baxcalibur, F|43/100
|turn|18
|
|switch|p1a: toilet|Pelipper, F|51/100
|-weather|RainDance|[from] ability: Drizzle|[of] p1a: toilet
|move|p2a: Baxcalibur|Dragon Dance|p2a: Baxcalibur
|-boost|p2a: Baxcalibur|atk|1
|-boost|p2a: Baxcalibur|spe|1
|
|-weather|RainDance|[upkeep]
|turn|19
|
|move|p2a: Baxcalibur|Dragon Dance|p2a: Baxcalibur
|-boost|p2a: Baxcalibur|atk|1
|-boost|p2a: Baxcalibur|spe|1
|move|p1a: toilet|Hurricane|p2a: Baxcalibur
|-damage|p2a: Baxcalibur|4/100
|
|-weather|RainDance|[upkeep]
|turn|20
|
|move|p2a: Baxcalibur|Icicle Spear|p1a: toilet
|-damage|p1a: toilet|29/100
|-damage|p1a: toilet|7/100
|-damage|p1a: toilet|0 fnt
|faint|p1a: toilet
|-hitcount|p1: toilet|3
|
|-weather|RainDance|[upkeep]
|
|switch|p1a: one punch man|Basculegion, M, tera:Water|38/100
|turn|21
|
|move|p1a: one punch man|Aqua Jet|p2a: Baxcalibur
|-resisted|p2a: Baxcalibur
|-damage|p2a: Baxcalibur|0 fnt
|faint|p2a: Baxcalibur
|
|win|DooomDey
