|poke|p1|Cinderace, F|
|poke|p1|Gholdengo|
|poke|p1|Goodra-Hisui, M|
|poke|p1|Chien-Pao|
|poke|p1|Enamorus, F|
|poke|p1|Flamigo, M|
|poke|p2|Urshifu-*, M|
|poke|p2|Pelipper, M|
|poke|p2|Basculegion-F, F|
|poke|p2|Amoonguss, M|
|poke|p2|Samurott-Hisui, M|
|poke|p2|Thundurus-Therian, M|
|teampreview
|
|start
|switch|p1a: Amovétuste|Enamorus, F|100/100
|switch|p2a: Pelipper|Pelipper, M|100/100
|-weather|RainDance|[from] ability: Drizzle|[of] p2a: Pelipper
|turn|1
|
|move|p1a: Amovétuste|Taunt|p2a: Pelipper
|-start|p2a: Pelipper|move: Taunt
|move|p2a: Pelipper|U-turn|p1a: Amovétuste
|-resisted|p1a: Amovétuste
|-damage|p1a: Amovétuste|97/100
|
|switch|p2a: Thundurus|Thundurus-Therian, M|100/100|[from] U-turn
|
|-weather|RainDance|[upkeep]
|turn|2
|
|switch|p1a: Pyrobutler|Cinderace, F|100/100
|move|p2a: Thundurus|Tera Blast|p1a: Pyrobutler
|-damage|p1a: Pyrobutler|57/100
|
|-weather|RainDance|[upkeep]
|turn|3
|
|switch|p2a: Basculegion|Basculegion-F, F|100/100
|move|p1a: Pyrobutler|Pyro Ball|p2a: Basculegion
|-resisted|p2a: Basculegion
|-damage|p2a: Basculegion|82/100
|
|-weather|RainDance|[upkeep]
|turn|4
|
|move|p2a: Basculegion|Ice Beam|p1a: Pyrobutler
|-resisted|p1a: Pyrobutler
|-damage|p1a: Pyrobutler|27/100
|move|p1a: Pyrobutler|U-turn|p2a: Basculegion
|-start|p1a: Pyrobutler|typechange|Bug|[from] ability: Libero
|-resisted|p2a: Basculegion
|-damage|p2a: Basculegion|62/100
|
|switch|p1a: Flamenroulibre|Flamigo, M|100/100|[from] U-turn
|
|-weather|RainDance|[upkeep]
|turn|5
|
|switch|p2a: Thundurus|Thundurus-Therian, M|100/100
|move|p1a: Flamenroulibre|Brave Bird|p2a: Thundurus
|-resisted|p2a: Thundurus
|-damage|p2a: Thundurus|55/100
|-damage|p1a: Flamenroulibre|85/100|[from] Recoil
|
|-weather|RainDance|[upkeep]
|-heal|p2a: Thundurus|62/100|[from] item: Leftovers
|turn|6
|
|switch|p1a: Muplodocustom|Goodra-Hisui, M|100/100
|move|p2a: Thundurus|Thunder|p1a: Muplodocustom
|-resisted|p1a: Muplodocustom
|-crit|p1a: Muplodocustom
|-damage|p1a: Muplodocustom|76/100
|
|-weather|RainDance|[upkeep]
|-heal|p2a: Thundurus|68/100|[from] item: Leftovers
|-heal|p1a: Muplodocustom|82/100|[from] item: Leftovers
|turn|7
|
|move|p2a: Thundurus|Substitute|p2a: Thundurus
|-start|p2a: Thundurus|Substitute
|-damage|p2a: Thundurus|43/100
|move|p1a: Muplodocustom|Body Press|p2a: Thundurus
|-resisted|p2a: Thundurus
|-activate|p2a: Thundurus|move: Substitute|[damage]
|
|-weather|RainDance|[upkeep]
|-heal|p2a: Thundurus|49/100|[from] item: Leftovers
|-heal|p1a: Muplodocustom|88/100|[from] item: Leftovers
|turn|8
|
|switch|p1a: Flamenroulibre|Flamigo, M|85/100
|move|p2a: Thundurus|Tera Blast|p1a: Flamenroulibre
|-damage|p1a: Flamenroulibre|37/100
|
|-weather|none
|-heal|p2a: Thundurus|55/100|[from] item: Leftovers
|turn|9
|
|-terastallize|p2a: Thundurus|Ice
|move|p1a: Flamenroulibre|U-turn|p2a: Thundurus
|-end|p2a: Thundurus|Substitute
|
|switch|p1a: Muplodocustom|Goodra-Hisui, M|88/100|[from] U-turn
|move|p2a: Thundurus|Tera Blast|p1a: Muplodocustom
|-damage|p1a: Muplodocustom|64/100
|
|-heal|p2a: Thundurus|61/100|[from] item: Leftovers
|-heal|p1a: Muplodocustom|70/100|[from] item: Leftovers
|turn|10
|
|move|p2a: Thundurus|Tera Blast|p1a: Muplodocustom
|-damage|p1a: Muplodocustom|47/100
|move|p1a: Muplodocustom|Body Press|p2a: Thundurus
|-supereffective|p2a: Thundurus
|-damage|p2a: Thundurus|10/100
|
|-heal|p2a: Thundurus|16/100|[from] item: Leftovers
|-heal|p1a: Muplodocustom|53/100|[from] item: Leftovers
|turn|11
|
|move|p2a: Thundurus|Thunder|p1a: Muplodocustom
|-resisted|p1a: Muplodocustom
|-damage|p1a: Muplodocustom|38/100
|move|p1a: Muplodocustom|Rest|p1a: Muplodocustom
|-status|p1a: Muplodocustom|slp|[from] move: Rest
|-heal|p1a: Muplodocustom|100/100 slp|[silent]
|
|-heal|p2a: Thundurus|22/100|[from] item: Leftovers
|turn|12
|
|move|p2a: Thundurus|Tera Blast|p1a: Muplodocustom
|-damage|p1a: Muplodocustom|77/100 slp
|cant|p1a: Muplodocustom|slp
|
|-heal|p2a: Thundurus|28/100|[from] item: Leftovers
|-heal|p1a: Muplodocustom|83/100 slp|[from] item: Leftovers
|turn|13
|
|move|p2a: Thundurus|Tera Blast|p1a: Muplodocustom
|-damage|p1a: Muplodocustom|61/100 slp
|cant|p1a: Muplodocustom|slp
|
|-heal|p2a: Thundurus|34/100|[from] item: Leftovers
|-heal|p1a: Muplodocustom|67/100 slp|[from] item: Leftovers
|turn|14
|
|move|p2a: Thundurus|Tera Blast|p1a: Muplodocustom
|-damage|p1a: Muplodocustom|46/100 slp
|-curestatus|p1a: Muplodocustom|slp|[msg]
|move|p1a: Muplodocustom|Body Press|p2a: Thundurus
|-supereffective|p2a: Thundurus
|-damage|p2a: Thundurus|0 fnt
|faint|p2a: Thundurus
|
|-heal|p1a: Muplodocustom|52/100|[from] item: Leftovers
|
|switch|p2a: Urshifu|Urshifu-Rapid-Strike, M|100/100
|turn|15
|
|move|p2a: Urshifu|U-turn|p1a: Muplodocustom
|-resisted|p1a: Muplodocustom
|-crit|p1a: Muplodocustom
|-damage|p1a: Muplodocustom|35/100
|
|switch|p2a: Pelipper|Pelipper, M|100/100|[from] U-turn
|-weather|RainDance|[from] ability: Drizzle|[of] p2a: Pelipper
|move|p1a: Muplodocustom|Acid Armor|p1a: Muplodocustom
|-boost|p1a: Muplodocustom|def|2
|
|-weather|RainDance|[upkeep]
|-heal|p1a: Muplodocustom|41/100|[from] item: Leftovers
|turn|16
|
|move|p1a: Muplodocustom|Body Press|p2a: Pelipper
|-resisted|p2a: Pelipper
|-damage|p2a: Pelipper|86/100
|move|p2a: Pelipper|Surf|p1a: Muplodocustom
|-resisted|p1a: Muplodocustom
|-damage|p1a: Muplodocustom|30/100
|
|-weather|RainDance|[upkeep]
|-heal|p1a: Muplodocustom|36/100|[from] item: Leftovers
|turn|17
|
|move|p1a: Muplodocustom|Rest|p1a: Muplodocustom
|-status|p1a: Muplodocustom|slp|[from] move: Rest
|-heal|p1a: Muplodocustom|100/100 slp|[silent]
|move|p2a: Pelipper|U-turn|p1a: Muplodocustom
|-resisted|p1a: Muplodocustom
|-damage|p1a: Muplodocustom|98/100 slp
|
|switch|p2a: Urshifu|Urshifu-Rapid-Strike, M|100/100|[from] U-turn
|
|-weather|RainDance|[upkeep]
|-heal|p1a: Muplodocustom|100/100 slp|[from] item: Leftovers
|turn|18
|
|move|p2a: Urshifu|Close Combat|p1a: Muplodocustom
|-supereffective|p1a: Muplodocustom
|-damage|p1a: Muplodocustom|40/100 slp
|-unboost|p2a: Urshifu|def|1
|-unboost|p2a: Urshifu|spd|1
|cant|p1a: Muplodocustom|slp
|
|-weather|RainDance|[upkeep]
|-heal|p1a: Muplodocustom|46/100 slp|[from] item: Leftovers
|turn|19
|
|switch|p1a: Gromagobelet|Gholdengo|100/100
|move|p2a: Urshifu|Close Combat|p1a: Gromagobelet
|-immune|p1a: Gromagobelet
|
|-weather|RainDance|[upkeep]
|turn|20
|
|switch|p2a: Samurott|Samurott-Hisui, M|100/100
|move|p1a: Gromagobelet|Nasty Plot|p1a: Gromagobelet
|-boost|p1a: Gromagobelet|spa|2
|
|-weather|RainDance|[upkeep]
|turn|21
|
|move|p2a: Samurott|Ceaseless Edge|p1a: Gromagobelet
|-supereffective|p1a: Gromagobelet
|-damage|p1a: Gromagobelet|38/100
|-sidestart|p1: p1|Spikes
|move|p1a: Gromagobelet|Hex|p2a: Samurott
|-resisted|p2a: Samurott
|-damage|p2a: Samurott|54/100
|
|-weather|RainDance|[upkeep]
|-heal|p1a: Gromagobelet|44/100|[from] item: Leftovers
|turn|22
|
|move|p2a: Samurott|Ceaseless Edge|p1a: Gromagobelet
|-supereffective|p1a: Gromagobelet
|-damage|p1a: Gromagobelet|0 fnt
|-sidestart|p1: p1|Spikes
|faint|p1a: Gromagobelet
|
|-weather|none
|
|switch|p1a: Amovétuste|Enamorus, F|97/100
|turn|23
|
|switch|p2a: Basculegion|Basculegion-F, F|62/100
|move|p1a: Amovétuste|Play Rough|p2a: Basculegion
|-damage|p2a: Basculegion|5/100
|
|turn|24
|
|move|p1a: Amovétuste|Play Rough|p2a: Basculegion
|-damage|p2a: Basculegion|0 fnt
|faint|p2a: Basculegion
|
|
|switch|p2a: Amoonguss|Amoonguss, M|100/100
|turn|25
|
|move|p1a: Amovétuste|Taunt|p2a: Amoonguss
|-start|p2a: Amoonguss|move: Taunt
|cant|p2a: Amoonguss|move: Taunt|Spore
|
|turn|26
|
|-terastallize|p1a: Amovétuste|Ground
|move|p1a: Amovétuste|Play Rough|p2a: Amoonguss
|-resisted|p2a: Amoonguss
|-damage|p2a: Amoonguss|85/100
|-unboost|p2a: Amoonguss|atk|1
|-damage|p1a: Amovétuste|80/100|[from] item: Rocky Helmet|[of] p2a: Amoonguss
|move|p2a: Amoonguss|Sludge Bomb|p1a: Amovétuste
|-resisted|p1a: Amovétuste
|-damage|p1a: Amovétuste|60/100
|-status|p1a: Amovétuste|psn
|
|-damage|p1a: Amovétuste|47/100 psn|[from] psn
|turn|27
|
|move|p1a: Amovétuste|Superpower|p2a: Amoonguss
|-resisted|p2a: Amoonguss
|-damage|p2a: Amoonguss|71/100
|-boost|p1a: Amovétuste|atk|1
|-boost|p1a: Amovétuste|def|1
|-damage|p1a: Amovétuste|31/100 psn|[from] item: Rocky Helmet|[of] p2a: Amoonguss
|move|p2a: Amoonguss|Giga Drain|p1a: Amovétuste
|-supereffective|p1a: Amovétuste
|-damage|p1a: Amovétuste|0 fnt
|-heal|p2a: Amoonguss|81/100|[from] drain|[of] p1a: Amovétuste
|faint|p1a: Amovétuste
|
|-end|p2a: Amoonguss|move: Taunt
|
|switch|p1a: Pyrobutler|Cinderace, F|27/100
|turn|28
|
|move|p1a: Pyrobutler|Pyro Ball|p2a: Amoonguss
|-supereffective|p2a: Amoonguss
|-damage|p2a: Amoonguss|0 fnt
|faint|p2a: Amoonguss
|
|
|switch|p2a: Samurott|Samurott-Hisui, M|54/100
|turn|29
|
|move|p2a: Samurott|Sacred Sword|p1a: Pyrobutler
|-damage|p1a: Pyrobutler|0 fnt
|faint|p1a: Pyrobutler
|
|
|switch|p1a: Obanija|Chien-Pao|100/100
|-ability|p1a: Obanija|Sword of Ruin
|turn|30
|
|move|p2a: Samurott|Sacred Sword|p1a: Obanija
|-supereffective|p1a: Obanija
|-damage|p1a: Obanija|0 fnt
|faint|p1a: Obanija
|
|
|switch|p1a: Flamenroulibre|Flamigo, M|37/100
|turn|31
|
|move|p1a: Flamenroulibre|Close Combat|p2a: Samurott
|-supereffective|p2a: Samurott
|-damage|p2a: Samurott|0 fnt
|-unboost|p1a: Flamenroulibre|def|1
|-unboost|p1a: Flamenroulibre|spd|1
|faint|p2a: Samurott
|
|
|switch|p2a: Urshifu|Urshifu-Rapid-Strike, M|100/100
|turn|32
|
|move|p2a: Urshifu|Close Combat|p1a: Flamenroulibre
|-resisted|p1a: Flamenroulibre
|-damage|p1a: Flamenroulibre|0 fnt
|-unboost|p2a: Urshifu|def|1
|-unboost|p2a: Urshifu|spd|1
|faint|p1a: Flamenroulibre
|
|
|switch|p1a: Muplodocustom|Goodra-Hisui, M|46/100 slp
|-damage|p1a: Muplodocustom|29/100 slp|[from] Spikes
|turn|33
|
|move|p2a: Urshifu|Close Combat|p1a: Muplodocustom
|-supereffective|p1a: Muplodocustom
|-crit|p1a: Muplodocustom
|-damage|p1a: Muplodocustom|0 fnt
|-unboost|p2a: Urshifu|def|1
|-unboost|p2a: Urshifu|spd|1
|faint|p1a: Muplodocustom
|
|win|p2
