|poke|p1|Baxcalibur, M|
|poke|p1|Garganacl, M|
|poke|p1|Kingambit, F|
|poke|p1|Breloom, M|
|poke|p1|Grimmsnarl, M|
|poke|p1|Braviary-Hisui, M|
|poke|p2|Basculegion, M|
|poke|p2|Pelipper, F|
|poke|p2|Gholdengo|
|poke|p2|Great Tusk|
|poke|p2|Clodsire, F|
|poke|p2|Meowscarada, M|
|teampreview
|
|start
|switch|p1a: Grimmsnarl|Grimmsnarl, M|100/100
|switch|p2a: Ghost face killah|Gholdengo|100/100
|-item|p2a: Ghost face killah|Air Balloon
|turn|1
|
|move|p1a: Grimmsnarl|Taunt|p2a: Ghost face killah
|-immune|p2a: Ghost face killah|[from] ability: Good as Gold
|move|p2a: Ghost face killah|Make It Rain|p1a: Grimmsnarl
|-supereffective|p1a: Grimmsnarl
|-damage|p1a: Grimmsnarl|0 fnt
|-unboost|p2a: Ghost face killah|spa|1
|faint|p1a: Grimmsnarl
|
|
|switch|p1a: Kingambit|Kingambit, F|100/100
|turn|2
|
|switch|p2a: Dumbo|Great Tusk|100/100
|move|p1a: Kingambit|Swords Dance|p1a: Kingambit
|-boost|p1a: Kingambit|atk|2
|
|turn|3
|
|-terastallize|p1a: Kingambit|Flying
|move|p2a: Dumbo|Earthquake|p1a: Kingambit
|-immune|p1a: Kingambit
|move|p1a: Kingambit|Iron Head|p2a: Dumbo
|-damage|p2a: Dumbo|37/100
|
|turn|4
|
|move|p1a: Kingambit|Sucker Punch|p2a: Dumbo
|-resisted|p2a: Dumbo
|-damage|p2a: Dumbo|9/100
|move|p2a: Dumbo|Ice Spinner|p1a: Kingambit
|-supereffective|p1a: Kingambit
|-damage|p1a: Kingambit|61/100
|
|turn|5
|
|move|p1a: Kingambit|Sucker Punch|p2a: Dumbo
|-resisted|p2a: Dumbo
|-damage|p2a: Dumbo|0 fnt
|faint|p2a: Dumbo
|-end|p2a: Dumbo|Protosynthesis|[silent]
|
|
|switch|p2a: I move first|Meowscarada, M|100/100
|turn|6
|
|move|p2a: I move first|Knock Off|p1a: Kingambit
|-start|p2a: I move first|typechange|Dark|[from] ability: Protean
|-damage|p1a: Kingambit|26/100
|-enditem|p1a: Kingambit|Figy Berry|[from] move: Knock Off|[of] p2a: I move first
|move|p1a: Kingambit|Brick Break|p2a: I move first
|-supereffective|p2a: I move first
|-enditem|p2a: I move first|Focus Sash
|-damage|p2a: I move first|1/100
|
|turn|7
|
|move|p2a: I move first|Sucker Punch|p1a: Kingambit
|-damage|p1a: Kingambit|4/100
|move|p1a: Kingambit|Sucker Punch||[still]
|-fail|p1a: Kingambit
|
|turn|8
|
|move|p2a: I move first|Sucker Punch|p1a: Kingambit
|-damage|p1a: Kingambit|0 fnt
|faint|p1a: Kingambit
|
|
|switch|p1a: Baxcalibur|Baxcalibur, M|100/100
|turn|9
|
|move|p2a: I move first|Sucker Punch|p1a: Baxcalibur
|-damage|p1a: Baxcalibur|69/100
|move|p1a: Baxcalibur|Ice Shard|p2a: I move first
|-damage|p2a: I move first|0 fnt
|faint|p2a: I move first
|
|
|switch|p2a: Ghost face killah|Gholdengo|100/100
|-item|p2a: Ghost face killah|Air Balloon
|turn|10
|
|move|p1a: Baxcalibur|Glaive Rush|p2a: Ghost face killah
|-resisted|p2a: Ghost face killah
|-damage|p2a: Ghost face killah|60/100
|-singlemove|p1a: Baxcalibur|Glaive Rush|[silent]
|-enditem|p2a: Ghost face killah|Air Balloon
|move|p2a: Ghost face killah|Make It Rain|p1a: Baxcalibur
|-supereffective|p1a: Baxcalibur
|-damage|p1a: Baxcalibur|0 fnt
|-unboost|p2a: Ghost face killah|spa|1
|faint|p1a: Baxcalibur
|
|
|switch|p1a: Braviary|Braviary-Hisui, M|100/100
|turn|11
|
|switch|p2a: God|Clodsire, F|100/100
|move|p1a: Braviary|Esper Wing|p2a: God
|-supereffective|p2a: God
|-damage|p2a: God|67/100
|-boost|p1a: Braviary|spe|1
|
|-heal|p2a: God|73/100|[from] item: Black Sludge
|turn|12
|
|move|p1a: Braviary|Esper Wing|p2a: God
|-supereffective|p2a: God
|-damage|p2a: God|38/100
|-boost|p1a: Braviary|spe|1
|move|p2a: God|Yawn|p1a: Braviary
|-start|p1a: Braviary|move: Yawn|[of] p2a: God
|
|-heal|p2a: God|44/100|[from] item: Black Sludge
|turn|13
|
|move|p1a: Braviary|Esper Wing|p2a: God
|-supereffective|p2a: God
|-damage|p2a: God|11/100
|-boost|p1a: Braviary|spe|1
|move|p2a: God|Stealth Rock|p1a: Braviary
|-sidestart|p1: p1|move: Stealth Rock
|
|-heal|p2a: God|17/100|[from] item: Black Sludge
|-end|p1a: Braviary|move: Yawn|[silent]
|-status|p1a: Braviary|slp
|turn|14
|
|switch|p2a: Carl|Pelipper, F|100/100
|-weather|RainDance|[from] ability: Drizzle|[of] p2a: Carl
|cant|p1a: Braviary|slp
|
|-weather|RainDance|[upkeep]
|turn|15
|
|-curestatus|p1a: Braviary|slp|[msg]
|move|p1a: Braviary|Esper Wing|p2a: Carl
|-damage|p2a: Carl|50/100
|-boost|p1a: Braviary|spe|1
|move|p2a: Carl|U-turn|p1a: Braviary
|-damage|p1a: Braviary|92/100
|
|switch|p2a: Prepare your ass|Basculegion, M|100/100|[from] U-turn
|
|-weather|RainDance|[upkeep]
|turn|16
|
|-terastallize|p2a: Prepare your ass|Water
|move|p2a: Prepare your ass|Wave Crash|p1a: Braviary
|-damage|p1a: Braviary|0 fnt
|faint|p1a: Braviary
|-damage|p2a: Prepare your ass|67/100|[from] Recoil
|
|-weather|RainDance|[upkeep]
|
|switch|p1a: Breloom|Breloom, M|100/100
|-damage|p1a: Breloom|94/100|[from] Stealth Rock
|turn|17
|
|move|p2a: Prepare your ass|Wave Crash|p1a: Breloom
|-resisted|p1a: Breloom
|-crit|p1a: Breloom
|-damage|p1a: Breloom|0 fnt
|faint|p1a: Breloom
|-damage|p2a: Prepare your ass|46/100|[from] Recoil
|
|-weather|RainDance|[upkeep]
|
|switch|p1a: Garganacl|Garganacl, M|100/100
|-damage|p1a: Garganacl|88/100|[from] Stealth Rock
|turn|18
|
|move|p2a: Prepare your ass|Wave Crash|p1a: Garganacl
|-supereffective|p1a: Garganacl
|-damage|p1a: Garganacl|0 fnt
|faint|p1a: Garganacl
|-damage|p2a: Prepare your ass|15/100|[from] Recoil
|
|win|p2
