|poke|p1|Arcanine-Hisui, F|
|poke|p1|Urshifu-*, M|
|poke|p1|Kingambit, M|
|poke|p1|Great Tusk|
|poke|p1|Garchomp, F|
|poke|p1|Zapdos|
|poke|p2|Dragapult, F|
|poke|p2|Hatterene, F|
|poke|p2|Sneasler, M|
|poke|p2|Kingambit, M|
|poke|p2|Zamazenta-*|
|poke|p2|Volcarona, F|
|teampreview
|
|start
|switch|p1a: Zapdos|Zapdos|100/100
|switch|p2a: Dragapult|Dragapult, F, shiny|100/100
|turn|1
|
|move|p2a: Dragapult|Light Screen|p2a: Dragapult
|-sidestart|p2: p2|move: Light Screen
|move|p1a: Zapdos|Volt Switch|p2a: Dragapult
|-resisted|p2a: Dragapult
|-damage|p2a: Dragapult|92/100
|
|switch|p1a: Great Tusk|Great Tusk, shiny|100/100|[from] Volt Switch
|
|turn|2
|
|move|p2a: Dragapult|Reflect|p2a: Dragapult
|-sidestart|p2: p2|Reflect
|move|p1a: Great Tusk|Knock Off|p2a: Dragapult
|-supereffective|p2a: Dragapult
|-damage|p2a: Dragapult|60/100
|-enditem|p2a: Dragapult|Heavy-Duty Boots|[from] move: Knock Off|[of] p1a: Great Tusk
|
|turn|3
|
|-end|p1a: Great Tusk|Protosynthesis|[silent]
|switch|p1a: Arcanine|Arcanine-Hisui, F|100/100
|move|p2a: Dragapult|Will-O-Wisp|p1a: Arcanine
|-immune|p1a: Arcanine
|
|turn|4
|
|move|p2a: Dragapult|Curse|p1a: Arcanine
|-start|p1a: Arcanine|Curse|[of] p2a: Dragapult
|-damage|p2a: Dragapult|10/100
|move|p1a: Arcanine|Head Smash|p2a: Dragapult
|-damage|p2a: Dragapult|0 fnt
|faint|p2a: Dragapult
|
|-damage|p1a: Arcanine|76/100|[from] Curse
|
|switch|p2a: Zamazenta|Zamazenta|100/100
|-ability|p2a: Zamazenta|Dauntless Shield|boost
|-boost|p2a: Zamazenta|def|1
|turn|5
|
|switch|p1a: Urshifu|Urshifu-Rapid-Strike, M|100/100
|move|p2a: Zamazenta|Substitute|p2a: Zamazenta
|-start|p2a: Zamazenta|Substitute
|-damage|p2a: Zamazenta|76/100
|
|-heal|p2a: Zamazenta|82/100|[from] item: Leftovers
|-sideend|p2: p2|move: Light Screen
|turn|6
|
|move|p2a: Zamazenta|Iron Defense|p2a: Zamazenta
|-boost|p2a: Zamazenta|def|2
|move|p1a: Urshifu|Surging Strikes|p2a: Zamazenta
|-crit|p2a: Zamazenta
|-activate|p2a: Zamazenta|move: Substitute|[damage]
|-crit|p2a: Zamazenta
|-end|p2a: Zamazenta|Substitute
|-crit|p2a: Zamazenta
|-damage|p2a: Zamazenta|63/100
|-hitcount|p2a: Zamazenta|3
|
|-heal|p2a: Zamazenta|69/100|[from] item: Leftovers
|-sideend|p2: p2|Reflect
|turn|7
|
|move|p2a: Zamazenta|Iron Defense|p2a: Zamazenta
|-boost|p2a: Zamazenta|def|2
|move|p1a: Urshifu|Surging Strikes|p2a: Zamazenta
|-crit|p2a: Zamazenta
|-damage|p2a: Zamazenta|53/100
|-crit|p2a: Zamazenta
|-damage|p2a: Zamazenta|36/100
|-crit|p2a: Zamazenta
|-damage|p2a: Zamazenta|18/100
|-hitcount|p2a: Zamazenta|3
|
|-heal|p2a: Zamazenta|24/100|[from] item: Leftovers
|turn|8
|
|move|p2a: Zamazenta|Body Press|p1a: Urshifu
|-damage|p1a: Urshifu|0 fnt
|faint|p1a: Urshifu
|
|-heal|p2a: Zamazenta|30/100|[from] item: Leftovers
|
|switch|p1a: Zapdos|Zapdos|100/100
|turn|9
|
|move|p2a: Zamazenta|Substitute|p2a: Zamazenta
|-start|p2a: Zamazenta|Substitute
|-damage|p2a: Zamazenta|6/100
|move|p1a: Zapdos|Hurricane|p2a: Zamazenta
|-supereffective|p2a: Zamazenta
|-end|p2a: Zamazenta|Substitute
|
|-heal|p2a: Zamazenta|12/100|[from] item: Leftovers
|turn|10
|
|move|p2a: Zamazenta|Body Press|p1a: Zapdos
|-resisted|p1a: Zapdos
|-damage|p1a: Zapdos|56/100
|move|p1a: Zapdos|Volt Switch|p2a: Zamazenta
|-damage|p2a: Zamazenta|0 fnt
|faint|p2a: Zamazenta
|
|switch|p1a: Garchomp|Garchomp, F|100/100|[from] Volt Switch
|
|
|switch|p2a: Hatterene|Hatterene, F|100/100
|turn|11
|
|move|p1a: Garchomp|Earthquake|p2a: Hatterene
|-damage|p2a: Hatterene|55/100
|-damage|p1a: Garchomp|91/100|[from] item: Life Orb
|move|p2a: Hatterene|Calm Mind|p2a: Hatterene
|-boost|p2a: Hatterene|spa|1
|-boost|p2a: Hatterene|spd|1
|
|-heal|p2a: Hatterene|61/100|[from] item: Leftovers
|turn|12
|
|move|p1a: Garchomp|Earthquake|p2a: Hatterene
|-damage|p2a: Hatterene|13/100
|-damage|p1a: Garchomp|81/100|[from] item: Life Orb
|move|p2a: Hatterene|Draining Kiss|p1a: Garchomp
|-supereffective|p1a: Garchomp
|-damage|p1a: Garchomp|0 fnt
|-heal|p2a: Hatterene|81/100|[from] drain|[of] p1a: Garchomp
|-damage|p2a: Hatterene|68/100|[from] ability: Rough Skin|[of] p1a: Garchomp
|faint|p1a: Garchomp
|
|-heal|p2a: Hatterene|74/100|[from] item: Leftovers
|
|switch|p1a: Arcanine|Arcanine-Hisui, F|76/100
|turn|13
|
|switch|p2a: Kingambit|Kingambit, M|100/100
|-activate|p2a: Kingambit|ability: Supreme Overlord
|-start|p2a: Kingambit|fallen2|[silent]
|-terastallize|p1a: Arcanine|Rock
|move|p1a: Arcanine|Head Smash|p2a: Kingambit
|-resisted|p2a: Kingambit
|-damage|p2a: Kingambit|41/100
|
|-heal|p2a: Kingambit|47/100|[from] item: Leftovers
|turn|14
|
|switch|p1a: Great Tusk|Great Tusk, shiny|100/100
|move|p2a: Kingambit|Sucker Punch||[still]
|-fail|p2a: Kingambit
|
|-heal|p2a: Kingambit|53/100|[from] item: Leftovers
|turn|15
|
|-end|p2a: Kingambit|fallen2|[silent]
|switch|p2a: Hatterene|Hatterene, F|74/100
|move|p1a: Great Tusk|Knock Off|p2a: Hatterene
|-damage|p2a: Hatterene|51/100
|-enditem|p2a: Hatterene|Leftovers|[from] move: Knock Off|[of] p1a: Great Tusk
|
|turn|16
|
|-end|p1a: Great Tusk|Protosynthesis|[silent]
|switch|p1a: Arcanine|Arcanine-Hisui, F, tera:Rock|76/100
|move|p2a: Hatterene|Draining Kiss|p1a: Arcanine
|-damage|p1a: Arcanine|49/100
|-heal|p2a: Hatterene|72/100|[from] drain|[of] p1a: Arcanine
|
|turn|17
|
|move|p1a: Arcanine|Head Smash|p2a: Hatterene|[miss]
|-miss|p1a: Arcanine|p2a: Hatterene
|move|p2a: Hatterene|Draining Kiss|p1a: Arcanine
|-damage|p1a: Arcanine|20/100
|-heal|p2a: Hatterene|95/100|[from] drain|[of] p1a: Arcanine
|
|turn|18
|
|move|p1a: Arcanine|Head Smash|p2a: Hatterene
|-damage|p2a: Hatterene|0 fnt
|faint|p2a: Hatterene
|
|
|switch|p2a: Sneasler|Sneasler, M|100/100
|-item|p2a: Sneasler|Air Balloon
|turn|19
|
|move|p2a: Sneasler|Night Slash|p1a: Arcanine
|-damage|p1a: Arcanine|0 fnt
|faint|p1a: Arcanine
|
|
|switch|p1a: Great Tusk|Great Tusk, shiny|100/100
|turn|20
|
|move|p2a: Sneasler|Swords Dance|p2a: Sneasler
|-boost|p2a: Sneasler|atk|2
|move|p1a: Great Tusk|Stealth Rock|p2a: Sneasler
|-sidestart|p2: p2|move: Stealth Rock
|
|turn|21
|
|move|p2a: Sneasler|Swords Dance|p2a: Sneasler
|-boost|p2a: Sneasler|atk|2
|move|p1a: Great Tusk|Knock Off|p2a: Sneasler
|-resisted|p2a: Sneasler
|-damage|p2a: Sneasler|76/100
|-enditem|p2a: Sneasler|Air Balloon
|
|turn|22
|
|-terastallize|p2a: Sneasler|Flying
|move|p2a: Sneasler|Acrobatics|p1a: Great Tusk
|-supereffective|p1a: Great Tusk
|-damage|p1a: Great Tusk|0 fnt
|faint|p1a: Great Tusk
|-end|p1a: Great Tusk|Protosynthesis|[silent]
|
|
|switch|p1a: Kingambit|Kingambit, M|100/100
|-activate|p1a: Kingambit|ability: Supreme Overlord
|-start|p1a: Kingambit|fallen4|[silent]
|turn|23
|
|move|p1a: Kingambit|Sucker Punch||[still]
|-fail|p1a: Kingambit
|move|p2a: Sneasler|Swords Dance|p2a: Sneasler
|-boost|p2a: Sneasler|atk|2
|
|turn|24
|
|move|p1a: Kingambit|Sucker Punch||[still]
|-fail|p1a: Kingambit
|move|p2a: Sneasler|Swords Dance|p2a: Sneasler
|-boost|p2a: Sneasler|atk|0
|
|turn|25
|
|move|p1a: Kingambit|Sucker Punch||[still]
|-fail|p1a: Kingambit
|move|p2a: Sneasler|Swords Dance|p2a: Sneasler
|-boost|p2a: Sneasler|atk|0
|
|turn|26
|
|move|p2a: Sneasler|Swords Dance|p2a: Sneasler
|-boost|p2a: Sneasler|atk|0
|move|p1a: Kingambit|Kowtow Cleave|p2a: Sneasler
|-damage|p2a: Sneasler|0 fnt
|faint|p2a: Sneasler
|
|
|switch|p2a: Volcarona|Volcarona, F|100/100
|turn|27
|
|move|p2a: Volcarona|Fiery Dance|p1a: Kingambit
|-supereffective|p1a: Kingambit
|-crit|p1a: Kingambit
|-damage|p1a: Kingambit|0 fnt
|faint|p1a: Kingambit
|-end|p1a: Kingambit|fallen4|[silent]
|
|
|switch|p1a: Zapdos|Zapdos|56/100
|turn|28
|
|move|p2a: Volcarona|Quiver Dance|p2a: Volcarona
|-boost|p2a: Volcarona|spa|1
|-boost|p2a: Volcarona|spd|1
|-boost|p2a: Volcarona|spe|1
|move|p1a: Zapdos|Hurricane|p2a: Volcarona
|-supereffective|p2a: Volcarona
|-damage|p2a: Volcarona|41/100
|
|turn|29
|
|move|p2a: Volcarona|Fiery Dance|p1a: Zapdos
|-damage|p1a: Zapdos|0 fnt
|-boost|p2a: Volcarona|spa|1
|faint|p1a: Zapdos
|
|win|p2
