|poke|p1|Samurott-Hisui, M|
|poke|p1|Dragapult, M|
|poke|p1|Sneasler, F|
|poke|p1|Magearna|
|poke|p1|Volcarona, M|
|poke|p1|Zamazenta-*|
|poke|p2|Chien-Pao|
|poke|p2|Gholdengo|
|poke|p2|Great Tusk|
|poke|p2|Heatran, M|
|poke|p2|Sneasler, M|
|poke|p2|Rotom-Wash|
|teampreview
|
|start
|switch|p1a: Edgelord|Samurott-Hisui, M, shiny|100/100
|switch|p2a: Sneasler|Sneasler, M|100/100
|turn|1
|
|move|p2a: Sneasler|U-turn|p1a: Edgelord
|-supereffective|p1a: Edgelord
|-damage|p1a: Edgelord|13/100
|-status|p1a: Edgelord|psn|[from] ability: Poison Touch|[of] p2a: Sneasler
|
|switch|p2a: Rotom|Rotom-Wash|100/100|[from] U-turn
|move|p1a: Edgelord|Ceaseless Edge|p2a: Rotom
|-damage|p2a: Rotom|47/100
|-sidestart|p2: ironvalient|Spikes
|
|-heal|p2a: Rotom|53/100|[from] item: Leftovers
|-damage|p1a: Edgelord|1/100 psn|[from] psn
|turn|2
|
|move|p2a: Rotom|Protect|p2a: Rotom
|-singleturn|p2a: Rotom|Protect
|move|p1a: Edgelord|Ceaseless Edge|p2a: Rotom
|-activate|p2a: Rotom|move: Protect
|
|-heal|p2a: Rotom|60/100|[from] item: Leftovers
|-damage|p1a: Edgelord|0 fnt|[from] psn
|faint|p1a: Edgelord
|
|switch|p1a: Drop A|Dragapult, M|100/100
|turn|3
|
|move|p1a: Drop A|Reflect|p1a: Drop A
|-sidestart|p1: Allradarmons|Reflect
|move|p2a: Rotom|Will-O-Wisp|p1a: Drop A
|-status|p1a: Drop A|brn
|
|-heal|p2a: Rotom|66/100|[from] item: Leftovers
|-damage|p1a: Drop A|94/100 brn|[from] brn
|turn|4
|
|move|p2a: Rotom|Protect|p2a: Rotom
|-singleturn|p2a: Rotom|Protect
|move|p1a: Drop A|Light Screen|p1a: Drop A
|-sidestart|p1: Allradarmons|move: Light Screen
|
|-heal|p2a: Rotom|72/100|[from] item: Leftovers
|-damage|p1a: Drop A|88/100 brn|[from] brn
|turn|5
|
|move|p1a: Drop A|Curse|p2a: Rotom
|-start|p2a: Rotom|Curse|[of] p1a: Drop A
|-damage|p1a: Drop A|38/100 brn
|move|p2a: Rotom|Will-O-Wisp|p1a: Drop A|[miss]
|-miss|p2a: Rotom|p1a: Drop A
|
|-heal|p2a: Rotom|78/100|[from] item: Leftovers
|-damage|p1a: Drop A|32/100 brn|[from] brn
|-damage|p2a: Rotom|53/100|[from] Curse
|turn|6
|
|switch|p1a: SquashU|Volcarona, M, shiny|100/100
|move|p2a: Rotom|Protect||[still]
|-fail|p2a: Rotom
|
|-heal|p2a: Rotom|60/100|[from] item: Leftovers
|-damage|p2a: Rotom|35/100|[from] Curse
|turn|7
|
|move|p1a: SquashU|Quiver Dance|p1a: SquashU
|-boost|p1a: SquashU|spa|1
|-boost|p1a: SquashU|spd|1
|-boost|p1a: SquashU|spe|1
|move|p2a: Rotom|Volt Switch|p1a: SquashU
|-damage|p1a: SquashU|91/100
|
|switch|p2a: Chien-Pao|Chien-Pao|100/100|[from] Volt Switch
|-ability|p2a: Chien-Pao|Sword of Ruin
|
|turn|8
|
|-terastallize|p2a: Chien-Pao|Dark
|move|p2a: Chien-Pao|Sucker Punch|p1a: SquashU
|-crit|p1a: SquashU
|-damage|p1a: SquashU|0 fnt
|faint|p1a: SquashU
|
|
|switch|p1a: GoodBoi|Zamazenta-Crowned, shiny|100/100
|-ability|p1a: GoodBoi|Dauntless Shield|boost
|-boost|p1a: GoodBoi|def|1
|turn|9
|
|switch|p2a: Gholdengo|Gholdengo|100/100
|-damage|p2a: Gholdengo|88/100|[from] Spikes
|move|p1a: GoodBoi|Iron Defense|p1a: GoodBoi
|-boost|p1a: GoodBoi|def|2
|
|-heal|p2a: Gholdengo|94/100|[from] item: Leftovers
|turn|10
|
|move|p1a: GoodBoi|Crunch|p2a: Gholdengo
|-supereffective|p2a: Gholdengo
|-damage|p2a: Gholdengo|54/100
|move|p2a: Gholdengo|Shadow Ball|p1a: GoodBoi
|-damage|p1a: GoodBoi|81/100
|
|-heal|p2a: Gholdengo|60/100|[from] item: Leftovers
|-sideend|p1: Allradarmons|Reflect
|turn|11
|
|move|p1a: GoodBoi|Crunch|p2a: Gholdengo
|-supereffective|p2a: Gholdengo
|-damage|p2a: Gholdengo|13/100
|move|p2a: Gholdengo|Recover|p2a: Gholdengo
|-heal|p2a: Gholdengo|63/100
|
|-heal|p2a: Gholdengo|69/100|[from] item: Leftovers
|-sideend|p1: Allradarmons|move: Light Screen
|turn|12
|
|move|p1a: GoodBoi|Crunch|p2a: Gholdengo
|-supereffective|p2a: Gholdengo
|-damage|p2a: Gholdengo|29/100
|-unboost|p2a: Gholdengo|def|1
|move|p2a: Gholdengo|Recover|p2a: Gholdengo
|-heal|p2a: Gholdengo|79/100
|
|-heal|p2a: Gholdengo|85/100|[from] item: Leftovers
|turn|13
|
|switch|p2a: Rotom|Rotom-Wash|35/100
|move|p1a: GoodBoi|Crunch|p2a: Rotom
|-damage|p2a: Rotom|11/100
|
|-heal|p2a: Rotom|17/100|[from] item: Leftovers
|turn|14
|
|move|p1a: GoodBoi|Crunch|p2a: Rotom
|-damage|p2a: Rotom|0 fnt
|faint|p2a: Rotom
|
|
|switch|p2a: Gholdengo|Gholdengo|85/100
|-damage|p2a: Gholdengo|73/100|[from] Spikes
|turn|15
|
|move|p1a: GoodBoi|Crunch|p2a: Gholdengo
|-supereffective|p2a: Gholdengo
|-damage|p2a: Gholdengo|28/100
|-unboost|p2a: Gholdengo|def|1
|move|p2a: Gholdengo|Recover|p2a: Gholdengo
|-heal|p2a: Gholdengo|79/100
|
|-heal|p2a: Gholdengo|85/100|[from] item: Leftovers
|turn|16
|
|move|p1a: GoodBoi|Crunch|p2a: Gholdengo
|-supereffective|p2a: Gholdengo
|-damage|p2a: Gholdengo|17/100
|move|p2a: Gholdengo|Shadow Ball|p1a: GoodBoi
|-damage|p1a: GoodBoi|45/100
|
|-heal|p2a: Gholdengo|23/100|[from] item: Leftovers
|turn|17
|
|move|p1a: GoodBoi|Behemoth Bash|p2a: Gholdengo
|-resisted|p2a: Gholdengo
|-damage|p2a: Gholdengo|0 fnt
|faint|p2a: Gholdengo
|
|
|switch|p2a: Sneasler|Sneasler, M|100/100
|-damage|p2a: Sneasler|88/100|[from] Spikes
|turn|18
|
|move|p1a: GoodBoi|Body Press|p2a: Sneasler
|-resisted|p2a: Sneasler
|-damage|p2a: Sneasler|0 fnt
|faint|p2a: Sneasler
|
|-message|ironvalient forfeited.
|
|win|Allradarmons
