|poke|p1|Slowking, F|
|poke|p1|Garganacl, F|
|poke|p1|Iron Treads|
|poke|p1|Kingambit, M|
|poke|p1|Dragapult, F|
|poke|p1|Corviknight, M|
|poke|p2|Torkoal, M|
|poke|p2|Walking Wake|
|poke|p2|Skeledirge, F|
|poke|p2|Great Tusk|
|poke|p2|Leafeon, F|
|poke|p2|Goodra-Hisui, F|
|teampreview
|
|start
|switch|p1a: Garganacl|Garganacl, F|100/100
|switch|p2a: Torkoal|Torkoal, M, shiny|100/100
|-weather|SunnyDay|[from] ability: Drought|[of] p2a: Torkoal
|turn|1
|
|-terastallize|p2a: Torkoal|Grass
|move|p1a: Garganacl|Salt Cure|p2a: Torkoal
|-crit|p2a: Torkoal
|-damage|p2a: Torkoal|85/100
|-start|p2a: Torkoal|Salt Cure
|move|p2a: Torkoal|Solar Beam||[still]
|-prepare|p2a: Torkoal|Solar Beam
|-anim|p2a: Torkoal|Solar Beam|p1a: Garganacl
|-supereffective|p1a: Garganacl
|-damage|p1a: Garganacl|20/100
|
|-weather|SunnyDay|[upkeep]
|-heal|p1a: Garganacl|26/100|[from] item: Leftovers
|-damage|p2a: Torkoal|73/100|[from] Salt Cure
|turn|2
|
|switch|p1a: Dragapult|Dragapult, F|100/100
|move|p2a: Torkoal|Stealth Rock|p1a: Dragapult
|-sidestart|p1: Essence Thief|move: Stealth Rock
|
|-weather|SunnyDay|[upkeep]
|-damage|p2a: Torkoal|61/100|[from] Salt Cure
|turn|3
|
|switch|p2a: Goodra|Goodra-Hisui, F|100/100
|move|p1a: Dragapult|Shadow Ball|p2a: Goodra
|-damage|p2a: Goodra|76/100
|
|-weather|SunnyDay|[upkeep]
|turn|4
|
|switch|p1a: Slowking|Slowking, F|100/100
|move|p2a: Goodra|Draco Meteor|p1a: Slowking
|-damage|p1a: Slowking|63/100
|-unboost|p2a: Goodra|spa|2
|
|-weather|SunnyDay|[upkeep]
|turn|5
|
|switch|p2a: Leafeon|Leafeon, F|100/100
|move|p1a: Slowking|Future Sight|p2a: Leafeon
|-start|p1a: Slowking|move: Future Sight
|
|-weather|SunnyDay|[upkeep]
|turn|6
|
|switch|p1a: Corviknight|Corviknight, M|100/100
|-damage|p1a: Corviknight|88/100|[from] Stealth Rock
|-ability|p1a: Corviknight|Pressure
|move|p2a: Leafeon|Leaf Blade|p1a: Corviknight
|-resisted|p1a: Corviknight
|-damage|p1a: Corviknight|77/100
|-damage|p2a: Leafeon|84/100|[from] item: Rocky Helmet|[of] p1a: Corviknight
|
|-weather|SunnyDay|[upkeep]
|turn|7
|
|switch|p2a: Goodra|Goodra-Hisui, F|76/100
|move|p1a: Corviknight|U-turn|p2a: Goodra
|-resisted|p2a: Goodra
|-damage|p2a: Goodra|69/100
|-ability|p2a: Goodra|Gooey
|-unboost|p1a: Corviknight|spe|1
|
|switch|p1a: Slowking|Slowking, F|96/100|[from] U-turn
|
|-weather|SunnyDay|[upkeep]
|-end|p2a: Goodra|move: Future Sight
|-resisted|p2a: Goodra
|-damage|p2a: Goodra|61/100
|turn|8
|
|switch|p2a: Walking Wake|Walking Wake|100/100
|-activate|p2a: Walking Wake|ability: Protosynthesis
|-start|p2a: Walking Wake|protosynthesisspe
|move|p1a: Slowking|Future Sight|p2a: Walking Wake
|-start|p1a: Slowking|move: Future Sight
|
|-weather|none
|-end|p2a: Walking Wake|Protosynthesis
|turn|9
|
|-end|p2a: Walking Wake|Protosynthesis|[silent]
|switch|p2a: Torkoal|Torkoal, M, shiny, tera:Grass|61/100
|-weather|SunnyDay|[from] ability: Drought|[of] p2a: Torkoal
|move|p1a: Slowking|Thunder Wave|p2a: Torkoal|[miss]
|-miss|p1a: Slowking|p2a: Torkoal
|
|-weather|SunnyDay|[upkeep]
|turn|10
|
|switch|p1a: Dragapult|Dragapult, F|100/100
|-damage|p1a: Dragapult|88/100|[from] Stealth Rock
|switch|p2a: Goodra|Goodra-Hisui, F|61/100
|
|-weather|SunnyDay|[upkeep]
|-end|p2a: Goodra|move: Future Sight
|-resisted|p2a: Goodra
|-damage|p2a: Goodra|52/100
|turn|11
|
|switch|p2a: Leafeon|Leafeon, F|84/100
|move|p1a: Dragapult|U-turn|p2a: Leafeon
|-supereffective|p2a: Leafeon
|-damage|p2a: Leafeon|51/100
|
|switch|p1a: Corviknight|Corviknight, M|77/100|[from] U-turn
|-damage|p1a: Corviknight|65/100|[from] Stealth Rock
|-ability|p1a: Corviknight|Pressure
|
|-weather|SunnyDay|[upkeep]
|turn|12
|
|switch|p2a: Walking Wake|Walking Wake|100/100
|-activate|p2a: Walking Wake|ability: Protosynthesis
|-start|p2a: Walking Wake|protosynthesisspe
|move|p1a: Corviknight|Roost|p1a: Corviknight
|-heal|p1a: Corviknight|100/100
|-singleturn|p1a: Corviknight|move: Roost
|
|-weather|SunnyDay|[upkeep]
|turn|13
|
|switch|p1a: Slowking|Slowking, F|100/100
|move|p2a: Walking Wake|Draco Meteor|p1a: Slowking
|-damage|p1a: Slowking|40/100
|-unboost|p2a: Walking Wake|spa|2
|
|-weather|SunnyDay|[upkeep]
|turn|14
|
|-end|p2a: Walking Wake|Protosynthesis|[silent]
|switch|p2a: Sacamuelas|Skeledirge, F, shiny|100/100
|move|p1a: Slowking|Thunder Wave|p2a: Sacamuelas
|-status|p2a: Sacamuelas|par
|
|-weather|SunnyDay|[upkeep]
|turn|15
|
|switch|p1a: Garganacl|Garganacl, F|26/100
|-damage|p1a: Garganacl|14/100|[from] Stealth Rock
|move|p2a: Sacamuelas|Torch Song|p1a: Garganacl
|-resisted|p1a: Garganacl
|-damage|p1a: Garganacl|0 fnt
|-boost|p2a: Sacamuelas|spa|1
|faint|p1a: Garganacl
|
|-weather|SunnyDay|[upkeep]
|
|switch|p1a: Iron Treads|Iron Treads|100/100
|-damage|p1a: Iron Treads|97/100|[from] Stealth Rock
|-enditem|p1a: Iron Treads|Booster Energy
|-activate|p1a: Iron Treads|ability: Quark Drive|[fromitem]
|-start|p1a: Iron Treads|quarkdrivespe
|turn|16
|
|-terastallize|p1a: Iron Treads|Water
|move|p1a: Iron Treads|Earthquake|p2a: Sacamuelas
|-supereffective|p2a: Sacamuelas
|-damage|p2a: Sacamuelas|29/100 par
|move|p2a: Sacamuelas|Will-O-Wisp|p1a: Iron Treads
|-status|p1a: Iron Treads|brn
|
|-weather|none
|-heal|p2a: Sacamuelas|35/100 par|[from] item: Leftovers
|-damage|p1a: Iron Treads|91/100 brn|[from] brn
|turn|17
|
|switch|p2a: Torkoal|Torkoal, M, shiny, tera:Grass|61/100
|-weather|SunnyDay|[from] ability: Drought|[of] p2a: Torkoal
|move|p1a: Iron Treads|Knock Off|p2a: Torkoal
|-damage|p2a: Torkoal|50/100
|-enditem|p2a: Torkoal|Heat Rock|[from] move: Knock Off|[of] p1a: Iron Treads
|
|-weather|SunnyDay|[upkeep]
|-damage|p1a: Iron Treads|85/100 brn|[from] brn
|turn|18
|
|move|p1a: Iron Treads|Rapid Spin|p2a: Torkoal
|-damage|p2a: Torkoal|44/100
|-boost|p1a: Iron Treads|spe|1
|-sideend|p1: Essence Thief|Stealth Rock|[from] move: Rapid Spin|[of] p1a: Iron Treads
|move|p2a: Torkoal|Lava Plume|p1a: Iron Treads
|-resisted|p1a: Iron Treads
|-damage|p1a: Iron Treads|51/100 brn
|
|-weather|SunnyDay|[upkeep]
|-damage|p1a: Iron Treads|45/100 brn|[from] brn
|turn|19
|
|-end|p1a: Iron Treads|Quark Drive|[silent]
|switch|p1a: Dragapult|Dragapult, F|88/100
|move|p2a: Torkoal|Stealth Rock|p1a: Dragapult
|-sidestart|p1: Essence Thief|move: Stealth Rock
|
|-weather|SunnyDay|[upkeep]
|turn|20
|
|switch|p2a: Goodra|Goodra-Hisui, F|52/100
|move|p1a: Dragapult|Shadow Ball|p2a: Goodra
|-damage|p2a: Goodra|27/100
|
|-weather|SunnyDay|[upkeep]
|turn|21
|
|switch|p1a: Kingambit|Kingambit, M|100/100
|-damage|p1a: Kingambit|94/100|[from] Stealth Rock
|-activate|p1a: Kingambit|ability: Supreme Overlord
|-start|p1a: Kingambit|fallen1|[silent]
|move|p2a: Goodra|Draco Meteor|p1a: Kingambit
|-resisted|p1a: Kingambit
|-damage|p1a: Kingambit|59/100
|-unboost|p2a: Goodra|spa|2
|
|-weather|SunnyDay|[upkeep]
|-heal|p1a: Kingambit|66/100|[from] item: Leftovers
|turn|22
|
|move|p1a: Kingambit|Kowtow Cleave|p2a: Goodra
|-damage|p2a: Goodra|0 fnt
|-ability|p2a: Goodra|Gooey
|-unboost|p1a: Kingambit|spe|1
|faint|p2a: Goodra
|
|-weather|SunnyDay|[upkeep]
|-heal|p1a: Kingambit|72/100|[from] item: Leftovers
|
|switch|p2a: Walking Wake|Walking Wake|100/100
|-activate|p2a: Walking Wake|ability: Protosynthesis
|-start|p2a: Walking Wake|protosynthesisspe
|turn|23
|
|move|p1a: Kingambit|Sucker Punch|p2a: Walking Wake
|-damage|p2a: Walking Wake|54/100
|move|p2a: Walking Wake|Dragon Pulse|p1a: Kingambit
|-resisted|p1a: Kingambit
|-damage|p1a: Kingambit|35/100
|
|-weather|SunnyDay|[upkeep]
|-heal|p1a: Kingambit|41/100|[from] item: Leftovers
|turn|24
|
|-end|p2a: Walking Wake|Protosynthesis|[silent]
|switch|p2a: Great 4ss|Great Tusk|100/100
|-activate|p2a: Great 4ss|ability: Protosynthesis
|-start|p2a: Great 4ss|protosynthesisatk
|move|p1a: Kingambit|Kowtow Cleave|p2a: Great 4ss
|-resisted|p2a: Great 4ss
|-damage|p2a: Great 4ss|82/100
|
|-weather|none
|-end|p2a: Great 4ss|Protosynthesis
|-heal|p1a: Kingambit|47/100|[from] item: Leftovers
|turn|25
|
|-end|p1a: Kingambit|fallen1|[silent]
|switch|p1a: Corviknight|Corviknight, M|100/100
|-damage|p1a: Corviknight|88/100|[from] Stealth Rock
|-ability|p1a: Corviknight|Pressure
|move|p2a: Great 4ss|Close Combat|p1a: Corviknight
|-damage|p1a: Corviknight|48/100
|-unboost|p2a: Great 4ss|def|1
|-unboost|p2a: Great 4ss|spd|1
|-damage|p2a: Great 4ss|66/100|[from] item: Rocky Helmet|[of] p1a: Corviknight
|
|turn|26
|
|-end|p2a: Great 4ss|Protosynthesis|[silent]
|switch|p2a: Torkoal|Torkoal, M, shiny, tera:Grass|44/100
|-weather|SunnyDay|[from] ability: Drought|[of] p2a: Torkoal
|move|p1a: Corviknight|Roost|p1a: Corviknight
|-heal|p1a: Corviknight|98/100
|-singleturn|p1a: Corviknight|move: Roost
|
|-weather|SunnyDay|[upkeep]
|turn|27
|
|move|p1a: Corviknight|U-turn|p2a: Torkoal
|-supereffective|p2a: Torkoal
|-damage|p2a: Torkoal|21/100
|
|switch|p1a: Iron Treads|Iron Treads, tera:Water|45/100 brn|[from] U-turn
|-damage|p1a: Iron Treads|33/100 brn|[from] Stealth Rock
|move|p2a: Torkoal|Lava Plume|p1a: Iron Treads
|-resisted|p1a: Iron Treads
|-damage|p1a: Iron Treads|0 fnt
|faint|p1a: Iron Treads
|-end|p1a: Iron Treads|Quark Drive|[silent]
|
|-weather|SunnyDay|[upkeep]
|
|switch|p1a: Dragapult|Dragapult, F|88/100
|-damage|p1a: Dragapult|76/100|[from] Stealth Rock
|turn|28
|
|move|p1a: Dragapult|Shadow Ball|p2a: Torkoal
|-damage|p2a: Torkoal|0 fnt
|faint|p2a: Torkoal
|
|-weather|SunnyDay|[upkeep]
|
|switch|p2a: Walking Wake|Walking Wake|54/100
|-activate|p2a: Walking Wake|ability: Protosynthesis
|-start|p2a: Walking Wake|protosynthesisspe
|turn|29
|
|switch|p1a: Slowking|Slowking, F|73/100
|move|p2a: Walking Wake|Draco Meteor|p1a: Slowking
|-damage|p1a: Slowking|20/100
|-unboost|p2a: Walking Wake|spa|2
|
|-weather|SunnyDay|[upkeep]
|turn|30
|
|move|p2a: Walking Wake|Draco Meteor|p1a: Slowking
|-damage|p1a: Slowking|0 fnt
|-unboost|p2a: Walking Wake|spa|2
|faint|p1a: Slowking
|
|-weather|none
|-end|p2a: Walking Wake|Protosynthesis
|
|switch|p1a: Dragapult|Dragapult, F|76/100
|-damage|p1a: Dragapult|64/100|[from] Stealth Rock
|turn|31
|
|-end|p2a: Walking Wake|Protosynthesis|[silent]
|switch|p2a: Sacamuelas|Skeledirge, F, shiny|35/100 par
|move|p1a: Dragapult|Draco Meteor|p2a: Sacamuelas
|-damage|p2a: Sacamuelas|0 fnt
|-unboost|p1a: Dragapult|spa|2
|faint|p2a: Sacamuelas
|
|
|switch|p2a: Walking Wake|Walking Wake|54/100
|turn|32
|
|switch|p1a: Kingambit|Kingambit, M|47/100
|-damage|p1a: Kingambit|41/100|[from] Stealth Rock
|-activate|p1a: Kingambit|ability: Supreme Overlord
|-start|p1a: Kingambit|fallen3|[silent]
|-end|p2a: Walking Wake|Protosynthesis|[silent]
|switch|p2a: Great 4ss|Great Tusk|66/100
|
|-heal|p1a: Kingambit|47/100|[from] item: Leftovers
|turn|33
|
|-end|p2a: Great 4ss|Protosynthesis|[silent]
|switch|p2a: Walking Wake|Walking Wake|54/100
|-end|p1a: Kingambit|fallen3|[silent]
|switch|p1a: Corviknight|Corviknight, M|98/100
|-damage|p1a: Corviknight|86/100|[from] Stealth Rock
|-ability|p1a: Corviknight|Pressure
|
|turn|34
|
|move|p2a: Walking Wake|Flamethrower|p1a: Corviknight
|-supereffective|p1a: Corviknight
|-crit|p1a: Corviknight
|-damage|p1a: Corviknight|0 fnt
|faint|p1a: Corviknight
|
|
|switch|p1a: Dragapult|Dragapult, F|64/100
|-damage|p1a: Dragapult|51/100|[from] Stealth Rock
|turn|35
|
|-end|p2a: Walking Wake|Protosynthesis|[silent]
|switch|p2a: Leafeon|Leafeon, F|51/100
|move|p1a: Dragapult|Shadow Ball|p2a: Leafeon
|-crit|p2a: Leafeon
|-damage|p2a: Leafeon|0 fnt
|faint|p2a: Leafeon
|
|
|switch|p2a: Walking Wake|Walking Wake|54/100
|turn|36
|
|move|p1a: Dragapult|Shadow Ball|p2a: Walking Wake
|-damage|p2a: Walking Wake|0 fnt
|faint|p2a: Walking Wake
|-end|p2a: Walking Wake|Protosynthesis|[silent]
|
|
|switch|p2a: Great 4ss|Great Tusk|66/100
|turn|37
|
|move|p1a: Dragapult|Shadow Ball|p2a: Great 4ss
|-crit|p2a: Great 4ss
|-damage|p2a: Great 4ss|0 fnt
|faint|p2a: Great 4ss
|-end|p2a: Great 4ss|Protosynthesis|[silent]
|
|win|Essence Thief
