# advantage = p1
|poke|p1|Ursaluna, M|
|poke|p1|Magearna|
|poke|p1|Slowking-Galar, F|
|poke|p1|Kingambit, F|
|poke|p1|Hatterene, F|
|poke|p1|Corviknight, F|
|poke|p2|Ursaluna, F|
|poke|p2|Magearna|
|poke|p2|Slowking, M|
|poke|p2|Crabominable, M|
|poke|p2|Cinderace, M|
|poke|p2|Hoopa|
|teampreview
|
|start
|switch|p1a: Ursaluna|Ursaluna, M|100/100
|switch|p2a: Hoopa|Hoopa|100/100
|turn|1
|
|move|p1a: Ursaluna|Headlong Rush|p2a: Hoopa
|-enditem|p2a: Hoopa|Focus Sash
|-damage|p2a: Hoopa|1/100
|-unboost|p1a: Ursaluna|def|1
|-unboost|p1a: Ursaluna|spd|1
|move|p2a: Hoopa|Hyperspace Hole|p1a: Ursaluna
|-damage|p1a: Ursaluna|33/100
|-item|p2a: Hoopa|Flame Orb|[from] ability: Magician|[of] p1a: Ursaluna
|
|-status|p2a: Hoopa|brn|[from] item: Flame Orb
|turn|2
|
|move|p1a: Ursaluna|Ice Punch|p2a: Hoopa
|-damage|p2a: Hoopa|0 fnt
|faint|p2a: Hoopa
|
|
|switch|p2a: Cinderace|Cinderace, M|100/100
|turn|3
|
|switch|p1a: Slowking|Slowking-Galar, F|100/100
|move|p2a: Cinderace|Pyro Ball|p1a: Slowking|[miss]
|-miss|p2a: Cinderace|p1a: Slowking
|
|turn|4
|
|move|p2a: Cinderace|U-turn|p1a: Slowking
|-start|p2a: Cinderace|typechange|Bug|[from] ability: Libero
|-damage|p1a: Slowking|67/100
|
|switch|p2a: Slowking|Slowking, M|100/100|[from] U-turn
|move|p1a: Slowking|Trick Room|p1a: Slowking
|-fieldstart|move: Trick Room|[of] p1a: Slowking
|
|-heal|p1a: Slowking|73/100|[from] item: Leftovers
|turn|5
|
|move|p1a: Slowking|Chilly Reception|p1a: Slowking
|-weather|Snow
|
|switch|p1a: Kingambit|Kingambit, F|100/100|[from] Chilly Reception
|move|p2a: Slowking|Chilly Reception|p2a: Slowking
|
|switch|p2a: Ursaluna|Ursaluna, F|100/100|[from] Chilly Reception
|
|-weather|Snow|[upkeep]
|-status|p2a: Ursaluna|brn|[from] item: Flame Orb
|turn|6
|
|-end|p1a: Kingambit|fallenundefined|[silent]
|switch|p1a: Corviknight|Corviknight, F|100/100
|-ability|p1a: Corviknight|Pressure
|move|p2a: Ursaluna|Swords Dance|p2a: Ursaluna
|-boost|p2a: Ursaluna|atk|2
|
|-weather|Snow|[upkeep]
|-damage|p2a: Ursaluna|94/100 brn|[from] brn
|turn|7
|
|-terastallize|p2a: Ursaluna|Normal
|move|p2a: Ursaluna|Facade|p1a: Corviknight
|-resisted|p1a: Corviknight
|-damage|p1a: Corviknight|0 fnt
|-damage|p2a: Ursaluna|78/100 brn|[from] item: Rocky Helmet|[of] p1a: Corviknight
|faint|p1a: Corviknight
|
|-weather|Snow|[upkeep]
|-damage|p2a: Ursaluna|72/100 brn|[from] brn
|player|p1|
|player|p2|
|-message|p1 lost due to inactivity.
|
|win|p2
|player|p2|p2|170
