# advantage = p1
|poke|p1|Enamorus-Therian, F|
|poke|p1|Cinderace, M|
|poke|p1|Great Tusk|
|poke|p1|Kingambit, M|
|poke|p1|Dragapult, F|
|poke|p1|Slowking-Galar, F|
|poke|p2|Enamorus, F|
|poke|p2|Typhlosion-Hisui, M|
|poke|p2|Hoopa-Unbound|
|poke|p2|Spidops, F|
|poke|p2|Houndstone, M|
|poke|p2|Great Tusk|
|teampreview
|
|start
|switch|p1a: Chillpact|Slowking-Galar, F|100/100
|switch|p2a: Enamorus|Enamorus, F|100/100
|turn|1
|
|switch|p2a: Hoopa|Hoopa-Unbound|100/100
|move|p1a: Chillpact|Sludge Bomb|p2a: Hoopa
|-damage|p2a: Hoopa|67/100
|
|turn|2
|
|switch|p1a: C Tusk C|Great Tusk|100/100
|move|p2a: Hoopa|Hyperspace Fury|p1a: C Tusk C
|-resisted|p1a: C Tusk C
|-damage|p1a: C Tusk C|76/100
|-unboost|p2a: Hoopa|def|1
|
|-heal|p1a: C Tusk C|82/100|[from] item: Leftovers
|turn|3
|
|switch|p2a: Enamorus|Enamorus, F|100/100
|move|p1a: C Tusk C|Stealth Rock|p2a: Enamorus
|-sidestart|p2: p2|move: Stealth Rock
|
|-heal|p1a: C Tusk C|89/100|[from] item: Leftovers
|turn|4
|
|-end|p1a: C Tusk C|Protosynthesis|[silent]
|switch|p1a: Chillpact|Slowking-Galar, F|100/100
|move|p2a: Enamorus|Superpower|p1a: Chillpact
|-resisted|p1a: Chillpact
|-damage|p1a: Chillpact|91/100
|-boost|p2a: Enamorus|atk|1
|-boost|p2a: Enamorus|def|1
|
|turn|5
|
|-terastallize|p2a: Enamorus|Steel
|move|p2a: Enamorus|Superpower|p1a: Chillpact
|-resisted|p1a: Chillpact
|-damage|p1a: Chillpact|77/100
|-boost|p2a: Enamorus|atk|1
|-boost|p2a: Enamorus|def|1
|move|p1a: Chillpact|Sludge Bomb|p2a: Enamorus
|-immune|p2a: Enamorus
|
|turn|6
|
|move|p2a: Enamorus|Iron Head|p1a: Chillpact
|-damage|p1a: Chillpact|0 fnt
|faint|p1a: Chillpact
|
|
|switch|p1a: CarryBabyBaby|Dragapult, F|100/100
|turn|7
|
|move|p1a: CarryBabyBaby|Will-O-Wisp|p2a: Enamorus
|-status|p2a: Enamorus|brn
|move|p2a: Enamorus|Play Rough|p1a: CarryBabyBaby
|-supereffective|p1a: CarryBabyBaby
|-damage|p1a: CarryBabyBaby|0 fnt
|faint|p1a: CarryBabyBaby
|
|-damage|p2a: Enamorus|94/100 brn|[from] brn
|
|switch|p1a: C Tusk C|Great Tusk|89/100
|turn|8
|
|move|p2a: Enamorus|Play Rough|p1a: C Tusk C
|-supereffective|p1a: C Tusk C
|-damage|p1a: C Tusk C|43/100
|move|p1a: C Tusk C|Earthquake|p2a: Enamorus
|-supereffective|p2a: Enamorus
|-damage|p2a: Enamorus|20/100 brn
|
|-heal|p1a: C Tusk C|49/100|[from] item: Leftovers
|-damage|p2a: Enamorus|13/100 brn|[from] brn
|turn|9
|
|move|p2a: Enamorus|Play Rough|p1a: C Tusk C
|-supereffective|p1a: C Tusk C
|-damage|p1a: C Tusk C|1/100
|move|p1a: C Tusk C|Earthquake|p2a: Enamorus
|-supereffective|p2a: Enamorus
|-damage|p2a: Enamorus|0 fnt
|faint|p2a: Enamorus
|
|-heal|p1a: C Tusk C|7/100|[from] item: Leftovers
|
|switch|p2a: Great Tusk|Great Tusk|100/100
|-damage|p2a: Great Tusk|98/100|[from] Stealth Rock
|turn|10
|
|-end|p1a: C Tusk C|Protosynthesis|[silent]
|switch|p1a: Blundertle|Enamorus-Therian, F|100/100
|move|p2a: Great Tusk|Rapid Spin|p1a: Blundertle
|-damage|p1a: Blundertle|89/100
|-boost|p2a: Great Tusk|spe|1
|-sideend|p2: p2|Stealth Rock|[from] move: Rapid Spin|[of] p2a: Great Tusk
|
|-heal|p2a: Great Tusk|100/100|[from] item: Leftovers
|-heal|p1a: Blundertle|95/100|[from] item: Leftovers
|turn|11
|
|move|p2a: Great Tusk|Knock Off|p1a: Blundertle
|-resisted|p1a: Blundertle
|-crit|p1a: Blundertle
|-damage|p1a: Blundertle|80/100
|-enditem|p1a: Blundertle|Leftovers|[from] move: Knock Off|[of] p2a: Great Tusk
|move|p1a: Blundertle|Calm Mind|p1a: Blundertle
|-boost|p1a: Blundertle|spa|1
|-boost|p1a: Blundertle|spd|1
|
|turn|12
|
|-end|p2a: Great Tusk|Protosynthesis|[silent]
|switch|p2a: Spidops|Spidops, F|100/100
|move|p1a: Blundertle|Iron Defense|p1a: Blundertle
|-boost|p1a: Blundertle|def|2
|
|turn|13
|
|move|p1a: Blundertle|Calm Mind|p1a: Blundertle
|-boost|p1a: Blundertle|spa|1
|-boost|p1a: Blundertle|spd|1
|move|p2a: Spidops|Circle Throw|p1a: Blundertle
|-resisted|p1a: Blundertle
|-damage|p1a: Blundertle|79/100
|drag|p1a: Kingamvad|Kingambit, M|100/100
|-activate|p1a: Kingamvad|ability: Supreme Overlord
|-start|p1a: Kingamvad|fallen2|[silent]
|
|turn|14
|
|move|p1a: Kingamvad|Swords Dance|p1a: Kingamvad
|-boost|p1a: Kingamvad|atk|2
|move|p2a: Spidops|Circle Throw|p1a: Kingamvad
|-supereffective|p1a: Kingamvad
|-damage|p1a: Kingamvad|70/100
|-end|p1a: Kingamvad|fallen2|[silent]
|drag|p1a: Smokeyaim|Cinderace, M|100/100
|
|turn|15
|
|switch|p2a: Great Tusk|Great Tusk|100/100
|move|p1a: Smokeyaim|Pyro Ball|p2a: Great Tusk
|-damage|p2a: Great Tusk|73/100
|-status|p2a: Great Tusk|brn
|
|-heal|p2a: Great Tusk|80/100 brn|[from] item: Leftovers
|-damage|p2a: Great Tusk|73/100 brn|[from] brn
|turn|16
|
|-end|p2a: Great Tusk|Protosynthesis|[silent]
|switch|p2a: Typhlosion|Typhlosion-Hisui, M|100/100
|-item|p1a: Smokeyaim|Heavy-Duty Boots|[from] ability: Frisk|[of] p2a: Typhlosion|[identify]
|move|p1a: Smokeyaim|U-turn|p2a: Typhlosion
|-start|p1a: Smokeyaim|typechange|Bug|[from] ability: Libero
|-resisted|p2a: Typhlosion
|-damage|p2a: Typhlosion|88/100
|
|switch|p1a: Kingamvad|Kingambit, M|70/100|[from] U-turn
|-activate|p1a: Kingamvad|ability: Supreme Overlord
|-start|p1a: Kingamvad|fallen2|[silent]
|
|-heal|p1a: Kingamvad|76/100|[from] item: Leftovers
|turn|17
|
|switch|p2a: Spidops|Spidops, F|100/100
|move|p1a: Kingamvad|Sucker Punch||[still]
|-fail|p1a: Kingamvad
|
|-heal|p1a: Kingamvad|82/100|[from] item: Leftovers
|turn|18
|
|move|p2a: Spidops|First Impression|p1a: Kingamvad
|-damage|p1a: Kingamvad|63/100
|move|p1a: Kingamvad|Iron Head|p2a: Spidops
|-damage|p2a: Spidops|57/100
|
|-heal|p1a: Kingamvad|69/100|[from] item: Leftovers
|turn|19
|
|move|p1a: Kingamvad|Iron Head|p2a: Spidops
|-damage|p2a: Spidops|14/100
|move|p2a: Spidops|Circle Throw|p1a: Kingamvad
|-supereffective|p1a: Kingamvad
|-damage|p1a: Kingamvad|33/100
|-end|p1a: Kingamvad|fallen2|[silent]
|drag|p1a: Blundertle|Enamorus-Therian, F|79/100
|
|turn|20
|
|move|p1a: Blundertle|Draining Kiss|p2a: Spidops
|-damage|p2a: Spidops|0 fnt
|-heal|p1a: Blundertle|88/100|[from] drain|[of] p2a: Spidops
|faint|p2a: Spidops
|
|
|switch|p2a: Hoopa|Hoopa-Unbound|67/100
|turn|21
|
|move|p2a: Hoopa|Gunk Shot|p1a: Blundertle
|-supereffective|p1a: Blundertle
|-damage|p1a: Blundertle|0 fnt
|faint|p1a: Blundertle
|
|
|switch|p1a: Smokeyaim|Cinderace, M|100/100
|turn|22
|-message|p1 forfeited.
|
|win|p2
