|poke|p1|Landorus-Therian, M|
|poke|p1|Rillaboom, M|
|poke|p1|Cinderace, M|
|poke|p1|Gallade, M|
|poke|p1|Magearna|
|poke|p1|Iron Valiant|
|poke|p2|Dragapult, F|
|poke|p2|Magearna|
|poke|p2|Sneasler, M|
|poke|p2|Zamazenta-*|
|poke|p2|Volcarona, F|
|poke|p2|Ursaluna, F|
|teampreview
|
|start
|switch|p1a: Magearna|Magearna|100/100
|switch|p2a: Ursaluna|Ursaluna, F|100/100
|turn|1
|player|p1|
|player|p1|p1|wally
|
|switch|p1a: Rillaboom|Rillaboom, M|100/100
|-fieldstart|move: Grassy Terrain|[from] ability: Grassy Surge|[of] p1a: Rillaboom
|move|p2a: Ursaluna|Earthquake|p1a: Rillaboom
|-resisted|p1a: Rillaboom
|-damage|p1a: Rillaboom|84/100
|
|-heal|p1a: Rillaboom|90/100|[from] Grassy Terrain
|-status|p2a: Ursaluna|brn|[from] item: Flame Orb
|turn|2
|
|switch|p2a: Zamazenta|Zamazenta|100/100
|-ability|p2a: Zamazenta|Dauntless Shield|boost
|-boost|p2a: Zamazenta|def|1
|move|p1a: Rillaboom|U-turn|p2a: Zamazenta
|-resisted|p2a: Zamazenta
|-damage|p2a: Zamazenta|94/100
|
|switch|p1a: Magearna|Magearna|100/100|[from] U-turn
|
|-heal|p2a: Zamazenta|99/100|[from] Grassy Terrain
|-heal|p2a: Zamazenta|100/100|[from] item: Leftovers
|turn|3
|
|switch|p2a: Ursaluna|Ursaluna, F|100/100 brn
|move|p1a: Magearna|Fleur Cannon|p2a: Ursaluna
|-damage|p2a: Ursaluna|42/100 brn
|-unboost|p1a: Magearna|spa|2
|
|-heal|p2a: Ursaluna|48/100 brn|[from] Grassy Terrain
|-damage|p2a: Ursaluna|42/100 brn|[from] brn
|turn|4
|
|switch|p1a: Landorus|Landorus-Therian, M|100/100
|-ability|p1a: Landorus|Intimidate|boost
|-unboost|p2a: Ursaluna|atk|1
|move|p2a: Ursaluna|Facade|p1a: Landorus
|-damage|p1a: Landorus|35/100
|
|-heal|p1a: Landorus|41/100|[from] item: Leftovers
|-heal|p2a: Ursaluna|48/100 brn|[from] Grassy Terrain
|-damage|p2a: Ursaluna|42/100 brn|[from] brn
|turn|5
|
|move|p1a: Landorus|Earth Power|p2a: Ursaluna
|-damage|p2a: Ursaluna|9/100 brn
|move|p2a: Ursaluna|Facade|p1a: Landorus
|-damage|p1a: Landorus|0 fnt
|faint|p1a: Landorus
|
|-heal|p2a: Ursaluna|16/100 brn|[from] Grassy Terrain
|-damage|p2a: Ursaluna|9/100 brn|[from] brn
|-fieldend|move: Grassy Terrain
|
|switch|p1a: Rillaboom|Rillaboom, M|90/100
|-fieldstart|move: Grassy Terrain|[from] ability: Grassy Surge|[of] p1a: Rillaboom
|turn|6
|
|move|p1a: Rillaboom|U-turn|p2a: Ursaluna
|-damage|p2a: Ursaluna|0 fnt
|faint|p2a: Ursaluna
|
|switch|p1a: Gallade|Gallade, M|100/100|[from] U-turn
|
|
|switch|p2a: Dragapult|Dragapult, F|100/100
|turn|7
|
|switch|p1a: Magearna|Magearna|100/100
|move|p2a: Dragapult|Will-O-Wisp|p1a: Magearna
|-status|p1a: Magearna|brn
|
|-damage|p1a: Magearna|94/100 brn|[from] brn
|turn|8
|
|move|p2a: Dragapult|Light Screen|p2a: Dragapult
|-sidestart|p2: p2|move: Light Screen
|move|p1a: Magearna|Volt Switch|p2a: Dragapult
|-resisted|p2a: Dragapult
|-damage|p2a: Dragapult|95/100
|
|switch|p1a: Gallade|Gallade, M|100/100|[from] Volt Switch
|
|-heal|p2a: Dragapult|100/100|[from] Grassy Terrain
|turn|9
|
|move|p1a: Gallade|Night Slash|p2a: Dragapult
|-supereffective|p2a: Dragapult
|-damage|p2a: Dragapult|20/100
|move|p2a: Dragapult|Reflect|p2a: Dragapult
|-sidestart|p2: p2|Reflect
|
|-heal|p2a: Dragapult|26/100|[from] Grassy Terrain
|turn|10
|
|switch|p1a: Magearna|Magearna|94/100 brn
|move|p2a: Dragapult|Will-O-Wisp|p1a: Magearna
|-fail|p1a: Magearna|brn
|
|-heal|p2a: Dragapult|32/100|[from] Grassy Terrain
|-heal|p1a: Magearna|100/100 brn|[from] Grassy Terrain
|-damage|p1a: Magearna|94/100 brn|[from] brn
|-fieldend|move: Grassy Terrain
|turn|11
|
|switch|p2a: Volcarona|Volcarona, F|100/100
|move|p1a: Magearna|Volt Switch|p2a: Volcarona
|-damage|p2a: Volcarona|91/100
|
|switch|p1a: Gallade|Gallade, M|100/100|[from] Volt Switch
|
|turn|12
|
|move|p1a: Gallade|Trick|p2a: Volcarona
|-activate|p1a: Gallade|move: Trick|[of] p2a: Volcarona
|-item|p2a: Volcarona|Choice Scarf|[from] move: Trick
|-item|p1a: Gallade|Heavy-Duty Boots|[from] move: Trick
|move|p2a: Volcarona|Quiver Dance|p2a: Volcarona
|-boost|p2a: Volcarona|spa|1
|-boost|p2a: Volcarona|spd|1
|-boost|p2a: Volcarona|spe|1
|
|turn|13
|player|p1|
|player|p1|p1|wally
|
|switch|p2a: Zamazenta|Zamazenta|100/100
|switch|p1a: Cinderace|Cinderace, M|100/100
|
|turn|14
|
|move|p2a: Zamazenta|Body Press|p1a: Cinderace
|-damage|p1a: Cinderace|45/100
|move|p1a: Cinderace|Court Change|p1a: Cinderace
|-start|p1a: Cinderace|typechange|Normal|[from] ability: Libero
|-swapsideconditions
|-activate|p1a: Cinderace|move: Court Change
|
|turn|15
|
|switch|p1a: Iron Valiant|Iron Valiant|100/100
|move|p2a: Zamazenta|Substitute|p2a: Zamazenta
|-start|p2a: Zamazenta|Substitute
|-damage|p2a: Zamazenta|76/100
|
|-heal|p2a: Zamazenta|82/100|[from] item: Leftovers
|-sideend|p1: p1|move: Light Screen
|turn|16
|
|switch|p2a: Dragapult|Dragapult, F|32/100
|move|p1a: Iron Valiant|Moonblast|p2a: Dragapult
|-supereffective|p2a: Dragapult
|-damage|p2a: Dragapult|0 fnt
|faint|p2a: Dragapult
|
|-sideend|p1: p1|Reflect
|
|switch|p2a: Sneasler|Sneasler, M|100/100
|-item|p2a: Sneasler|Air Balloon
|turn|17
|
|-end|p1a: Iron Valiant|Quark Drive|[silent]
|switch|p1a: Magearna|Magearna|94/100 brn
|move|p2a: Sneasler|Dire Claw|p1a: Magearna
|-immune|p1a: Magearna
|
|-damage|p1a: Magearna|88/100 brn|[from] brn
|turn|18
|
|move|p2a: Sneasler|Swords Dance|p2a: Sneasler
|-boost|p2a: Sneasler|atk|2
|move|p1a: Magearna|Volt Switch|p2a: Sneasler
|-damage|p2a: Sneasler|74/100
|-enditem|p2a: Sneasler|Air Balloon
|
|switch|p1a: Rillaboom|Rillaboom, M|90/100|[from] Volt Switch
|-fieldstart|move: Grassy Terrain|[from] ability: Grassy Surge|[of] p1a: Rillaboom
|
|-heal|p2a: Sneasler|80/100|[from] Grassy Terrain
|-heal|p1a: Rillaboom|96/100|[from] Grassy Terrain
|turn|19
|
|move|p2a: Sneasler|Dire Claw|p1a: Rillaboom
|-supereffective|p1a: Rillaboom
|-damage|p1a: Rillaboom|0 fnt
|faint|p1a: Rillaboom
|
|-heal|p2a: Sneasler|86/100|[from] Grassy Terrain
|
|switch|p1a: Magearna|Magearna|88/100 brn
|turn|20
|
|move|p2a: Sneasler|Swords Dance|p2a: Sneasler
|-boost|p2a: Sneasler|atk|2
|move|p1a: Magearna|Fleur Cannon|p2a: Sneasler
|-damage|p2a: Sneasler|16/100
|-unboost|p1a: Magearna|spa|2
|
|-heal|p2a: Sneasler|22/100|[from] Grassy Terrain
|-heal|p1a: Magearna|94/100 brn|[from] Grassy Terrain
|-damage|p1a: Magearna|88/100 brn|[from] brn
|turn|21
|
|move|p2a: Sneasler|Close Combat|p1a: Magearna
|-damage|p1a: Magearna|0 fnt
|-unboost|p2a: Sneasler|def|1
|-unboost|p2a: Sneasler|spd|1
|faint|p1a: Magearna
|
|-heal|p2a: Sneasler|28/100|[from] Grassy Terrain
|
|switch|p1a: Cinderace|Cinderace, M|45/100
|turn|22
|
|move|p1a: Cinderace|Sucker Punch|p2a: Sneasler
|-start|p1a: Cinderace|typechange|Dark|[from] ability: Libero
|-resisted|p2a: Sneasler
|-damage|p2a: Sneasler|0 fnt
|faint|p2a: Sneasler
|
|-heal|p1a: Cinderace|51/100|[from] Grassy Terrain
|-fieldend|move: Grassy Terrain
|
|switch|p2a: Magearna|Magearna|100/100
|turn|23
|
|-terastallize|p1a: Cinderace|Fire
|move|p1a: Cinderace|Pyro Ball|p2a: Magearna
|-supereffective|p2a: Magearna
|-damage|p2a: Magearna|0 fnt
|faint|p2a: Magearna
|
|
|switch|p2a: Zamazenta|Zamazenta|82/100
|turn|24
|
|switch|p1a: Iron Valiant|Iron Valiant|100/100
|move|p2a: Zamazenta|Iron Defense|p2a: Zamazenta
|-boost|p2a: Zamazenta|def|2
|
|-heal|p2a: Zamazenta|88/100|[from] item: Leftovers
|turn|25
|
|move|p2a: Zamazenta|Body Press|p1a: Iron Valiant
|-resisted|p1a: Iron Valiant
|-damage|p1a: Iron Valiant|53/100
|move|p1a: Iron Valiant|Moonblast|p2a: Zamazenta
|-supereffective|p2a: Zamazenta
|-damage|p2a: Zamazenta|0 fnt
|faint|p2a: Zamazenta
|
|
|switch|p2a: Volcarona|Volcarona, F|91/100
|turn|26
|
|-terastallize|p2a: Volcarona|Water
|move|p2a: Volcarona|Tera Blast|p1a: Iron Valiant
|-damage|p1a: Iron Valiant|0 fnt
|faint|p1a: Iron Valiant
|-end|p1a: Iron Valiant|Quark Drive|[silent]
|
|
|switch|p1a: Gallade|Gallade, M|100/100
|turn|27
|
|move|p2a: Volcarona|Tera Blast|p1a: Gallade
|-damage|p1a: Gallade|50/100
|move|p1a: Gallade|Sacred Sword|p2a: Volcarona
|-damage|p2a: Volcarona|0 fnt
|faint|p2a: Volcarona
|
|win|p1
