|poke|p1|Samurott-Hisui, M|
|poke|p1|Iron Treads|
|poke|p1|Meowscarada, F|
|poke|p1|Heatran, M|
|poke|p1|Zamazenta-*|
|poke|p1|Magearna|
|poke|p2|Magearna|
|poke|p2|Sneasler, M|
|poke|p2|Zamazenta-*|
|poke|p2|Landorus-Therian, M|
|poke|p2|Walking Wake|
|poke|p2|Cinderace, F|
|teampreview
|
|start
|switch|p1a: Finally OU|Samurott-Hisui, M, shiny|100/100
|switch|p2a: Landorus|Landorus-Therian, M|100/100
|-ability|p2a: Landorus|Intimidate|boost
|-unboost|p1a: Finally OU|atk|1
|turn|1
|
|switch|p2a: Magearna|Magearna|100/100
|move|p1a: Finally OU|Taunt|p2a: Magearna
|-start|p2a: Magearna|move: Taunt
|
|turn|2
|
|switch|p1a: Smiley|Heatran, M|100/100
|switch|p2a: Sneasler|Sneasler, M|100/100
|
|turn|3
|
|-terastallize|p1a: Smiley|Flying
|move|p2a: Sneasler|Swords Dance|p2a: Sneasler
|-boost|p2a: Sneasler|atk|2
|move|p1a: Smiley|Will-O-Wisp|p2a: Sneasler|[miss]
|-miss|p1a: Smiley|p2a: Sneasler
|
|turn|4
|
|move|p2a: Sneasler|Taunt|p1a: Smiley
|-start|p1a: Smiley|move: Taunt
|cant|p1a: Smiley|move: Taunt|Will-O-Wisp
|
|turn|5
|
|move|p2a: Sneasler|Dire Claw|p1a: Smiley
|-damage|p1a: Smiley|32/100
|move|p1a: Smiley|Magma Storm|p2a: Sneasler
|-damage|p2a: Sneasler|39/100
|-activate|p2a: Sneasler|move: Magma Storm|[of] p1a: Smiley
|
|-heal|p1a: Smiley|38/100|[from] item: Leftovers
|-damage|p2a: Sneasler|26/100|[from] move: Magma Storm|[partiallytrapped]
|turn|6
|
|switch|p1a: Good Doggo|Zamazenta-Crowned|100/100
|-ability|p1a: Good Doggo|Dauntless Shield|boost
|-boost|p1a: Good Doggo|def|1
|move|p2a: Sneasler|Dire Claw|p1a: Good Doggo
|-immune|p1a: Good Doggo
|
|-end|p2a: Sneasler|Magma Storm|[partiallytrapped]|[silent]
|turn|7
|
|switch|p2a: Magearna|Magearna|100/100
|move|p1a: Good Doggo|Behemoth Bash|p2a: Magearna
|-damage|p2a: Magearna|69/100
|
|-heal|p2a: Magearna|75/100|[from] item: Leftovers
|turn|8
|
|switch|p1a: I hate this thing|Iron Treads|100/100
|move|p2a: Magearna|Calm Mind|p2a: Magearna
|-boost|p2a: Magearna|spa|1
|-boost|p2a: Magearna|spd|1
|
|-heal|p2a: Magearna|81/100|[from] item: Leftovers
|turn|9
|
|switch|p2a: Landorus|Landorus-Therian, M|100/100
|-ability|p2a: Landorus|Intimidate|boost
|-unboost|p1a: I hate this thing|atk|1
|move|p1a: I hate this thing|Earthquake|p2a: Landorus
|-immune|p2a: Landorus
|
|turn|10
|
|-end|p1a: I hate this thing|Quark Drive|[silent]
|switch|p1a: Smiley|Heatran, M, tera:Flying|38/100
|move|p2a: Landorus|Stealth Rock|p1a: Smiley
|-sidestart|p1: Whats that melody?|move: Stealth Rock
|
|-heal|p1a: Smiley|45/100|[from] item: Leftovers
|turn|11
|
|move|p2a: Landorus|Stone Edge|p1a: Smiley
|-supereffective|p1a: Smiley
|-crit|p1a: Smiley
|-damage|p1a: Smiley|0 fnt
|faint|p1a: Smiley
|
|
|switch|p1a: I hate this thing|Iron Treads|100/100
|turn|12
|
|move|p1a: I hate this thing|Rapid Spin|p2a: Landorus
|-damage|p2a: Landorus|88/100
|-boost|p1a: I hate this thing|spe|1
|-damage|p1a: I hate this thing|84/100|[from] item: Rocky Helmet|[of] p2a: Landorus
|-sideend|p1: Whats that melody?|Stealth Rock|[from] move: Rapid Spin|[of] p1a: I hate this thing
|move|p2a: Landorus|Earthquake|p1a: I hate this thing
|-supereffective|p1a: I hate this thing
|-damage|p1a: I hate this thing|0 fnt
|faint|p1a: I hate this thing
|-end|p1a: I hate this thing|Quark Drive|[silent]
|
|
|switch|p1a: Mrs Bombastic|Magearna|100/100
|turn|13
|
|switch|p2a: Magearna|Magearna|81/100
|move|p1a: Mrs Bombastic|Shift Gear|p1a: Mrs Bombastic
|-boost|p1a: Mrs Bombastic|spe|2
|-boost|p1a: Mrs Bombastic|atk|1
|
|-heal|p2a: Magearna|87/100|[from] item: Leftovers
|turn|14
|
|move|p1a: Mrs Bombastic|Shift Gear|p1a: Mrs Bombastic
|-boost|p1a: Mrs Bombastic|spe|2
|-boost|p1a: Mrs Bombastic|atk|1
|move|p2a: Magearna|Iron Defense|p2a: Magearna
|-boost|p2a: Magearna|def|2
|
|-heal|p2a: Magearna|93/100|[from] item: Leftovers
|turn|15
|
|move|p1a: Mrs Bombastic|Draining Kiss|p2a: Magearna
|-resisted|p2a: Magearna
|-damage|p2a: Magearna|82/100
|move|p2a: Magearna|Calm Mind|p2a: Magearna
|-boost|p2a: Magearna|spa|1
|-boost|p2a: Magearna|spd|1
|
|-heal|p2a: Magearna|88/100|[from] item: Leftovers
|turn|16
|
|move|p1a: Mrs Bombastic|Stored Power|p2a: Magearna
|-resisted|p2a: Magearna
|-damage|p2a: Magearna|74/100
|move|p2a: Magearna|Iron Defense|p2a: Magearna
|-boost|p2a: Magearna|def|2
|
|-heal|p2a: Magearna|80/100|[from] item: Leftovers
|turn|17
|
|switch|p1a: Finally OU|Samurott-Hisui, M, shiny|100/100
|move|p2a: Magearna|Calm Mind|p2a: Magearna
|-boost|p2a: Magearna|spa|1
|-boost|p2a: Magearna|spd|1
|
|-heal|p2a: Magearna|86/100|[from] item: Leftovers
|turn|18
|
|move|p1a: Finally OU|Taunt|p2a: Magearna
|-start|p2a: Magearna|move: Taunt
|move|p2a: Magearna|Draining Kiss|p1a: Finally OU
|-supereffective|p1a: Finally OU
|-damage|p1a: Finally OU|0 fnt
|-heal|p2a: Magearna|100/100|[from] drain|[of] p1a: Finally OU
|faint|p1a: Finally OU
|-ability|p2a: Magearna|Soul-Heart|boost
|-boost|p2a: Magearna|spa|1
|
|
|switch|p1a: Mr Cat|Meowscarada, F|100/100
|turn|19
|
|move|p1a: Mr Cat|Knock Off|p2a: Magearna
|-start|p1a: Mr Cat|typechange|Dark|[from] ability: Protean
|-resisted|p2a: Magearna
|-damage|p2a: Magearna|92/100
|-enditem|p2a: Magearna|Leftovers|[from] move: Knock Off|[of] p1a: Mr Cat
|-damage|p1a: Mr Cat|91/100|[from] item: Life Orb
|move|p2a: Magearna|Draining Kiss|p1a: Mr Cat
|-supereffective|p1a: Mr Cat
|-damage|p1a: Mr Cat|0 fnt
|-heal|p2a: Magearna|100/100|[from] drain|[of] p1a: Mr Cat
|faint|p1a: Mr Cat
|-ability|p2a: Magearna|Soul-Heart|boost
|-boost|p2a: Magearna|spa|1
|
|
|switch|p1a: Good Doggo|Zamazenta-Crowned|100/100
|turn|20
|
|move|p1a: Good Doggo|Body Press|p2a: Magearna
|-damage|p2a: Magearna|89/100
|move|p2a: Magearna|Draining Kiss|p1a: Good Doggo
|-damage|p1a: Good Doggo|49/100
|-heal|p2a: Magearna|100/100|[from] drain|[of] p1a: Good Doggo
|
|-end|p2a: Magearna|move: Taunt
|turn|21
|
|move|p1a: Good Doggo|Body Press|p2a: Magearna
|-damage|p2a: Magearna|90/100
|move|p2a: Magearna|Calm Mind|p2a: Magearna
|-boost|p2a: Magearna|spa|1
|-boost|p2a: Magearna|spd|1
|
|turn|22
|
|move|p1a: Good Doggo|Body Press|p2a: Magearna
|-damage|p2a: Magearna|80/100
|move|p2a: Magearna|Calm Mind|p2a: Magearna
|-boost|p2a: Magearna|spa|1
|-boost|p2a: Magearna|spd|1
|
|turn|23
|
|move|p1a: Good Doggo|Substitute|p1a: Good Doggo
|-start|p1a: Good Doggo|Substitute
|-damage|p1a: Good Doggo|24/100
|move|p2a: Magearna|Draining Kiss|p1a: Good Doggo
|-end|p1a: Good Doggo|Substitute
|-heal|p2a: Magearna|99/100|[from] drain|[of] p1a: Good Doggo
|
|turn|24
|
|move|p1a: Good Doggo|Body Press|p2a: Magearna
|-crit|p2a: Magearna
|-damage|p2a: Magearna|54/100
|move|p2a: Magearna|Calm Mind|p2a: Magearna
|-boost|p2a: Magearna|spa|0
|-boost|p2a: Magearna|spd|1
|
|turn|25
|
|move|p1a: Good Doggo|Body Press|p2a: Magearna
|-damage|p2a: Magearna|44/100
|move|p2a: Magearna|Draining Kiss|p1a: Good Doggo
|-damage|p1a: Good Doggo|0 fnt
|-heal|p2a: Magearna|63/100|[from] drain|[of] p1a: Good Doggo
|faint|p1a: Good Doggo
|
|
|switch|p1a: Mrs Bombastic|Magearna|100/100
|turn|26
|
|move|p1a: Mrs Bombastic|Shift Gear|p1a: Mrs Bombastic
|-boost|p1a: Mrs Bombastic|spe|2
|-boost|p1a: Mrs Bombastic|atk|1
|move|p2a: Magearna|Stored Power|p1a: Mrs Bombastic
|-resisted|p1a: Mrs Bombastic
|-damage|p1a: Mrs Bombastic|0 fnt
|faint|p1a: Mrs Bombastic
|
|win|King Of Gwent
