# advantage = p2
|poke|p1|Typhlosion-Hisui, F|
|poke|p1|Dragapult, M|
|poke|p1|Magearna|
|poke|p1|Urshifu-*, M|
|poke|p1|Zapdos|
|poke|p1|Great Tusk|
|poke|p2|Dragapult, F|
|poke|p2|Slowbro-Galar, M|
|poke|p2|Magearna|
|poke|p2|Grimmsnarl, M|
|poke|p2|Landorus-Therian, M|
|poke|p2|Corviknight, M|
|teampreview
|
|start
|switch|p1a: Magearna|Magearna|100/100
|switch|p2a: Grimmsnarl|Grimmsnarl, M|100/100
|turn|1
|
|move|p2a: Grimmsnarl|Light Screen|p2a: Grimmsnarl
|-sidestart|p2: p2|move: Light Screen
|move|p1a: Magearna|Fleur Cannon|p2a: Grimmsnarl
|-supereffective|p2a: Grimmsnarl
|-damage|p2a: Grimmsnarl|56/100
|-unboost|p1a: Magearna|spa|2
|
|turn|2
|
|move|p2a: Grimmsnarl|Reflect|p2a: Grimmsnarl
|-sidestart|p2: p2|Reflect
|move|p1a: Magearna|Volt Switch|p2a: Grimmsnarl
|-damage|p2a: Grimmsnarl|52/100
|
|switch|p1a: Urshifu|Urshifu-Rapid-Strike, M|100/100|[from] Volt Switch
|
|turn|3
|
|move|p2a: Grimmsnarl|Taunt|p1a: Urshifu
|-start|p1a: Urshifu|move: Taunt
|move|p1a: Urshifu|U-turn|p2a: Grimmsnarl
|-damage|p2a: Grimmsnarl|37/100
|
|switch|p1a: Magearna|Magearna|100/100|[from] U-turn
|
|turn|4
|
|move|p2a: Grimmsnarl|Parting Shot|p1a: Magearna
|-unboost|p1a: Magearna|atk|1
|-unboost|p1a: Magearna|spa|1
|
|switch|p2a: Slowbro|Slowbro-Galar, M|100/100|[from] Parting Shot
|move|p1a: Magearna|Spikes|p2a: Slowbro
|-sidestart|p2: p2|Spikes
|
|turn|5
|
|move|p1a: Magearna|Volt Switch|p2a: Slowbro
|-damage|p2a: Slowbro|93/100
|
|switch|p1a: Great Tusk|Great Tusk|100/100|[from] Volt Switch
|-enditem|p1a: Great Tusk|Booster Energy
|-activate|p1a: Great Tusk|ability: Protosynthesis|[fromitem]
|-start|p1a: Great Tusk|protosynthesisspe
|move|p2a: Slowbro|Belly Drum|p2a: Slowbro
|-damage|p2a: Slowbro|43/100
|-setboost|p2a: Slowbro|atk|6|[from] move: Belly Drum
|
|turn|6
|-activate|p2a: Slowbro|ability: Quick Draw
|
|-terastallize|p1a: Great Tusk|Steel
|-terastallize|p2a: Slowbro|Fighting
|move|p2a: Slowbro|Zen Headbutt|p1a: Great Tusk
|-resisted|p1a: Great Tusk
|-damage|p1a: Great Tusk|53/100
|move|p1a: Great Tusk|Headlong Rush|p2a: Slowbro
|-damage|p2a: Slowbro|19/100
|-unboost|p1a: Great Tusk|def|1
|-unboost|p1a: Great Tusk|spd|1
|
|turn|7
|-activate|p2a: Slowbro|ability: Quick Draw
|
|move|p2a: Slowbro|Drain Punch|p1a: Great Tusk
|-supereffective|p1a: Great Tusk
|-damage|p1a: Great Tusk|0 fnt
|-heal|p2a: Slowbro|49/100|[from] drain|[of] p1a: Great Tusk
|faint|p1a: Great Tusk
|-end|p1a: Great Tusk|Protosynthesis|[silent]
|
|
|switch|p1a: Typhlosion|Typhlosion-Hisui, F|100/100
|turn|8
|
|move|p1a: Typhlosion|Eruption|p2a: Slowbro
|-damage|p2a: Slowbro|0 fnt
|faint|p2a: Slowbro
|
|-sideend|p2: p2|move: Light Screen
|
|switch|p2a: Dragapult|Dragapult, F|100/100
|-damage|p2a: Dragapult|88/100|[from] Spikes
|turn|9
|
|switch|p1a: Magearna|Magearna|100/100
|move|p2a: Dragapult|Shadow Ball|p1a: Magearna
|-damage|p1a: Magearna|60/100
|-unboost|p1a: Magearna|spd|1
|
|-sideend|p2: p2|Reflect
|turn|10
|
|move|p2a: Dragapult|Shadow Ball|p1a: Magearna
|-damage|p1a: Magearna|5/100
|move|p1a: Magearna|Volt Switch|p2a: Dragapult
|-resisted|p2a: Dragapult
|-damage|p2a: Dragapult|74/100
|
|switch|p1a: Dragapult|Dragapult, M|100/100|[from] Volt Switch
|
|turn|11
|
|switch|p2a: Corviknight|Corviknight, M|100/100
|move|p1a: Dragapult|Dragon Darts|p2a: Corviknight
|-resisted|p2a: Corviknight
|-damage|p2a: Corviknight|92/100
|-anim|p1a: Dragapult|Dragon Darts|p2a: Corviknight
|-resisted|p2a: Corviknight
|-damage|p2a: Corviknight|83/100
|
|-heal|p2a: Corviknight|89/100|[from] item: Leftovers
|turn|12
|
|switch|p1a: Zapdos|Zapdos|100/100
|move|p2a: Corviknight|Defog|p1a: Zapdos
|-unboost|p1a: Zapdos|evasion|1
|-sideend|p2: p2|Spikes|[from] move: Defog|[of] p2a: Corviknight
|
|-heal|p2a: Corviknight|95/100|[from] item: Leftovers
|turn|13
|
|switch|p1a: Urshifu|Urshifu-Rapid-Strike, M|100/100
|move|p2a: Corviknight|U-turn|p1a: Urshifu
|-resisted|p1a: Urshifu
|-damage|p1a: Urshifu|93/100
|
|switch|p2a: Grimmsnarl|Grimmsnarl, M|37/100|[from] U-turn
|
|turn|14
|
|move|p2a: Grimmsnarl|Parting Shot|p1a: Urshifu
|-unboost|p1a: Urshifu|atk|1
|-unboost|p1a: Urshifu|spa|1
|
|switch|p2a: Dragapult|Dragapult, F|74/100|[from] Parting Shot
|move|p1a: Urshifu|Surging Strikes|p2a: Dragapult
|-resisted|p2a: Dragapult
|-crit|p2a: Dragapult
|-damage|p2a: Dragapult|60/100
|-resisted|p2a: Dragapult
|-crit|p2a: Dragapult
|-damage|p2a: Dragapult|47/100
|-resisted|p2a: Dragapult
|-crit|p2a: Dragapult
|-damage|p2a: Dragapult|35/100
|-hitcount|p2a: Dragapult|3
|
|turn|15
|
|move|p1a: Urshifu|Surging Strikes|p2a: Dragapult
|-resisted|p2a: Dragapult
|-crit|p2a: Dragapult
|-damage|p2a: Dragapult|21/100
|-resisted|p2a: Dragapult
|-crit|p2a: Dragapult
|-damage|p2a: Dragapult|8/100
|-resisted|p2a: Dragapult
|-crit|p2a: Dragapult
|-damage|p2a: Dragapult|0 fnt
|faint|p2a: Dragapult
|-hitcount|p2: Dragapult|3
|
|
|switch|p2a: Magearna|Magearna|100/100
|turn|16
|
|switch|p1a: Typhlosion|Typhlosion-Hisui, F|100/100
|move|p2a: Magearna|Draining Kiss|p1a: Typhlosion
|-resisted|p1a: Typhlosion
|-damage|p1a: Typhlosion|81/100
|
|turn|17
|
|switch|p2a: Grimmsnarl|Grimmsnarl, M|37/100
|move|p1a: Typhlosion|Eruption|p2a: Grimmsnarl
|-damage|p2a: Grimmsnarl|0 fnt
|faint|p2a: Grimmsnarl
|
|
|switch|p2a: Landorus|Landorus-Therian, M|100/100
|-ability|p2a: Landorus|Intimidate|boost
|-unboost|p1a: Typhlosion|atk|1
|turn|18
|
|switch|p1a: Magearna|Magearna|5/100
|move|p2a: Landorus|Substitute|p2a: Landorus
|-start|p2a: Landorus|Substitute
|-damage|p2a: Landorus|76/100
|
|-heal|p2a: Landorus|82/100|[from] item: Leftovers
|turn|19
|
|move|p2a: Landorus|Earthquake|p1a: Magearna
|-supereffective|p1a: Magearna
|-damage|p1a: Magearna|0 fnt
|faint|p1a: Magearna
|
|-heal|p2a: Landorus|88/100|[from] item: Leftovers
|
|switch|p1a: Urshifu|Urshifu-Rapid-Strike, M|93/100
|turn|20
|
|move|p1a: Urshifu|Surging Strikes|p2a: Landorus
|-supereffective|p2a: Landorus
|-crit|p2a: Landorus
|-end|p2a: Landorus|Substitute
|-supereffective|p2a: Landorus
|-crit|p2a: Landorus
|-damage|p2a: Landorus|41/100
|-supereffective|p2a: Landorus
|-crit|p2a: Landorus
|-damage|p2a: Landorus|0 fnt
|faint|p2a: Landorus
|-hitcount|p2: Landorus|3
|
|
|switch|p2a: Magearna|Magearna|100/100
|turn|21
|
|move|p1a: Urshifu|Surging Strikes|p2a: Magearna
|-crit|p2a: Magearna
|-damage|p2a: Magearna|85/100
|-crit|p2a: Magearna
|-damage|p2a: Magearna|69/100
|-crit|p2a: Magearna
|-damage|p2a: Magearna|51/100
|-hitcount|p2a: Magearna|3
|move|p2a: Magearna|Draining Kiss|p1a: Urshifu
|-supereffective|p1a: Urshifu
|-damage|p1a: Urshifu|4/100
|-heal|p2a: Magearna|100/100|[from] drain|[of] p1a: Urshifu
|
|turn|22
|
|switch|p1a: Typhlosion|Typhlosion-Hisui, F|81/100
|move|p2a: Magearna|Calm Mind|p2a: Magearna
|-boost|p2a: Magearna|spa|1
|-boost|p2a: Magearna|spd|1
|
|turn|23
|
|move|p1a: Typhlosion|Eruption|p2a: Magearna
|-supereffective|p2a: Magearna
|-damage|p2a: Magearna|1/100
|move|p2a: Magearna|Draining Kiss|p1a: Typhlosion
|-resisted|p1a: Typhlosion
|-damage|p1a: Typhlosion|51/100
|-heal|p2a: Magearna|19/100|[from] drain|[of] p1a: Typhlosion
|
|-heal|p2a: Magearna|25/100|[from] item: Leftovers
|turn|24
|
|move|p1a: Typhlosion|Eruption|p2a: Magearna
|-supereffective|p2a: Magearna
|-damage|p2a: Magearna|0 fnt
|faint|p2a: Magearna
|
|
|switch|p2a: Corviknight|Corviknight, M|95/100
|turn|25
|
|move|p1a: Typhlosion|Eruption|p2a: Corviknight
|-supereffective|p2a: Corviknight
|-damage|p2a: Corviknight|16/100
|move|p2a: Corviknight|Brave Bird|p1a: Typhlosion
|-damage|p1a: Typhlosion|0 fnt
|faint|p1a: Typhlosion
|-damage|p2a: Corviknight|4/100|[from] Recoil
|
|-heal|p2a: Corviknight|10/100|[from] item: Leftovers
|
|switch|p1a: Urshifu|Urshifu-Rapid-Strike, M|4/100
|turn|26
|
|move|p1a: Urshifu|Surging Strikes|p2a: Corviknight
|-crit|p2a: Corviknight
|-damage|p2a: Corviknight|0 fnt
|faint|p2a: Corviknight
|-hitcount|p2: Corviknight|1
|
|win|p1
