# advantage = p2
|poke|p1|Thundurus, M|
|poke|p1|Heatran, F|
|poke|p1|Samurott-Hisui, M|
|poke|p1|Lilligant-Hisui, F|
|poke|p1|Great Tusk|
|poke|p1|Magearna|
|poke|p2|Chien-Pao|
|poke|p2|Typhlosion-Hisui, M|
|poke|p2|Kleavor, M|
|poke|p2|Thundurus-Therian, M|
|poke|p2|Magearna|
|poke|p2|Zoroark-Hisui, F|
|teampreview
|
|start
|switch|p1a: Tuskuthy★|Great Tusk|100/100
|switch|p2a: Kleavor|Kleavor, M|100/100
|turn|1
|
|move|p2a: Kleavor|Hyper Beam|p1a: Tuskuthy★
|-damage|p1a: Tuskuthy★|0 fnt
|-mustrecharge|p2a: Kleavor
|faint|p1a: Tuskuthy★
|-end|p1a: Tuskuthy★|Protosynthesis|[silent]
|
|
|switch|p1a: Daiko★|Samurott-Hisui, M, shiny|100/100
|turn|2
|
|move|p1a: Daiko★|Aqua Cutter|p2a: Kleavor
|-damage|p2a: Kleavor|0 fnt
|replace|p2a: Zoroark|Zoroark-Hisui, F
|-end|p2a: Zoroark|Illusion
|faint|p2a: Zoroark
|
|
|switch|p2a: Kleavor|Kleavor, M|100/100
|turn|3
|
|move|p1a: Daiko★|Aqua Cutter|p2a: Kleavor
|-supereffective|p2a: Kleavor
|-crit|p2a: Kleavor
|-damage|p2a: Kleavor|0 fnt
|faint|p2a: Kleavor
|
|
|switch|p2a: Thundurus|Thundurus-Therian, M|100/100
|turn|4
|
|switch|p1a: Iron Maiden★|Magearna|100/100
|move|p2a: Thundurus|Volt Switch|p1a: Iron Maiden★
|-damage|p1a: Iron Maiden★|77/100
|
|switch|p2a: Typhlosion|Typhlosion-Hisui, M|100/100|[from] Volt Switch
|-item|p1a: Iron Maiden★|Assault Vest|[from] ability: Frisk|[of] p2a: Typhlosion|[identify]
|
|turn|5
|
|switch|p1a: Iguanidae★|Heatran, F|100/100
|move|p2a: Typhlosion|Shadow Ball|p1a: Iguanidae★
|-damage|p1a: Iguanidae★|75/100
|
|-heal|p1a: Iguanidae★|82/100|[from] item: Leftovers
|turn|6
|
|move|p2a: Typhlosion|Shadow Ball|p1a: Iguanidae★
|-damage|p1a: Iguanidae★|56/100
|move|p1a: Iguanidae★|Earth Power|p2a: Typhlosion
|-supereffective|p2a: Typhlosion
|-damage|p2a: Typhlosion|35/100
|
|-heal|p1a: Iguanidae★|62/100|[from] item: Leftovers
|turn|7
|
|switch|p2a: Thundurus|Thundurus-Therian, M|100/100
|move|p1a: Iguanidae★|Magma Storm|p2a: Thundurus
|-crit|p2a: Thundurus
|-damage|p2a: Thundurus|12/100
|-activate|p2a: Thundurus|move: Magma Storm|[of] p1a: Iguanidae★
|
|-heal|p1a: Iguanidae★|68/100|[from] item: Leftovers
|-damage|p2a: Thundurus|0 fnt|[from] move: Magma Storm|[partiallytrapped]
|faint|p2a: Thundurus
|
|switch|p2a: Chien-Pao|Chien-Pao|100/100
|-ability|p2a: Chien-Pao|Sword of Ruin
|turn|8
|
|switch|p1a: Iron Maiden★|Magearna|77/100
|move|p2a: Chien-Pao|Sacred Sword|p1a: Iron Maiden★
|-damage|p1a: Iron Maiden★|37/100
|
|turn|9
|
|switch|p1a: Raiden-sama★|Thundurus, M, shiny|100/100
|move|p2a: Chien-Pao|Sacred Sword|p1a: Raiden-sama★
|-resisted|p1a: Raiden-sama★
|-damage|p1a: Raiden-sama★|53/100
|
|turn|10
|
|switch|p2a: Typhlosion|Typhlosion-Hisui, M|35/100
|-item|p1a: Raiden-sama★|Heavy-Duty Boots|[from] ability: Frisk|[of] p2a: Typhlosion|[identify]
|move|p1a: Raiden-sama★|Thunderbolt|p2a: Typhlosion
|-damage|p2a: Typhlosion|0 fnt
|faint|p2a: Typhlosion
|
|
|switch|p2a: Magearna|Magearna|100/100
|turn|11
|
|move|p1a: Raiden-sama★|Taunt|p2a: Magearna
|-start|p2a: Magearna|move: Taunt
|cant|p2a: Magearna|move: Taunt|Shift Gear
|
|turn|12
|
|move|p1a: Raiden-sama★|Thunder Wave|p2a: Magearna
|-status|p2a: Magearna|par
|move|p2a: Magearna|Flash Cannon|p1a: Raiden-sama★
|-resisted|p1a: Raiden-sama★
|-damage|p1a: Raiden-sama★|25/100
|
|turn|13
|
|move|p1a: Raiden-sama★|Thunderbolt|p2a: Magearna
|-damage|p2a: Magearna|63/100 par
|move|p2a: Magearna|Flash Cannon|p1a: Raiden-sama★
|-resisted|p1a: Raiden-sama★
|-damage|p1a: Raiden-sama★|0 fnt
|faint|p1a: Raiden-sama★
|-ability|p2a: Magearna|Soul-Heart|boost
|-boost|p2a: Magearna|spa|1
|
|-heal|p2a: Magearna|69/100 par|[from] item: Leftovers
|-end|p2a: Magearna|move: Taunt
|
|switch|p1a: Iguanidae★|Heatran, F|68/100
|turn|14
|
|move|p1a: Iguanidae★|Magma Storm|p2a: Magearna|[miss]
|-miss|p1a: Iguanidae★|p2a: Magearna
|move|p2a: Magearna|Flash Cannon|p1a: Iguanidae★
|-resisted|p1a: Iguanidae★
|-damage|p1a: Iguanidae★|60/100
|
|-heal|p1a: Iguanidae★|66/100|[from] item: Leftovers
|-heal|p2a: Magearna|75/100 par|[from] item: Leftovers
|turn|15
|
|move|p1a: Iguanidae★|Earth Power|p2a: Magearna
|-supereffective|p2a: Magearna
|-damage|p2a: Magearna|29/100 par
|move|p2a: Magearna|Calm Mind|p2a: Magearna
|-boost|p2a: Magearna|spa|1
|-boost|p2a: Magearna|spd|1
|
|-heal|p1a: Iguanidae★|72/100|[from] item: Leftovers
|-heal|p2a: Magearna|35/100 par|[from] item: Leftovers
|turn|16
|
|move|p1a: Iguanidae★|Magma Storm|p2a: Magearna
|-supereffective|p2a: Magearna
|-damage|p2a: Magearna|0 fnt
|faint|p2a: Magearna
|
|-heal|p1a: Iguanidae★|78/100|[from] item: Leftovers
|
|switch|p2a: Chien-Pao|Chien-Pao|100/100
|-ability|p2a: Chien-Pao|Sword of Ruin
|turn|17
|
|-terastallize|p1a: Iguanidae★|Grass
|move|p2a: Chien-Pao|Sacred Sword|p1a: Iguanidae★
|-damage|p1a: Iguanidae★|33/100
|move|p1a: Iguanidae★|Magma Storm|p2a: Chien-Pao
|-supereffective|p2a: Chien-Pao
|-damage|p2a: Chien-Pao|0 fnt
|faint|p2a: Chien-Pao
|
|win|p1
|player|p1|p1|caitlin
