|j|☆robertcool14788
|j|☆iced waffle
|t:|1685840717
|gametype|singles
|player|p1|robertcool14788|psychic-gen4|1127
|player|p2|iced waffle|waitress-gen4|1044
|teamsize|p1|6
|teamsize|p2|6
|gen|9
|tier|[Gen 9] OU
|rated|
|rule|Sleep Clause Mod: Limit one foe put to sleep
|rule|Species Clause: Limit one of each Pokémon
|rule|OHKO Clause: OHKO moves are banned
|rule|Evasion Items Clause: Evasion items are banned
|rule|Evasion Moves Clause: Evasion moves are banned
|rule|Endless Battle Clause: Forcing endless battles is banned
|rule|HP Percentage Mod: HP is shown in percentages
|clearpoke
|poke|p1|Rillaboom, M|
|poke|p1|Baxcalibur, F|
|poke|p1|Great Tusk|
|poke|p1|Magearna|
|poke|p1|Moltres-Galar|
|poke|p1|Volcanion|
|poke|p2|Tinkaton, F|
|poke|p2|Basculegion-F, F|
|poke|p2|Garchomp, F|
|poke|p2|Sneasler, M|
|poke|p2|Toxapex, M|
|poke|p2|Hydreigon, F|
|teampreview
|inactive|Battle timer is ON: inactive players will automatically lose when time's up. (requested by iced waffle)
|
|t:|1685840727
|start
|switch|p1a: Rillaboom|Rillaboom, M, shiny|100/100
|switch|p2a: Sneasler|Sneasler, M|100/100
|-fieldstart|move: Grassy Terrain|[from] ability: Grassy Surge|[of] p1a: Rillaboom
|turn|1
|
|t:|1685840740
|move|p1a: Rillaboom|Fake Out|p2a: Sneasler
|-damage|p2a: Sneasler|76/100
|cant|p2a: Sneasler|flinch
|
|-heal|p2a: Sneasler|82/100|[from] Grassy Terrain
|upkeep
|turn|2
|
|t:|1685840750
|switch|p1a: Great Tusk|Great Tusk|100/100
|move|p2a: Sneasler|U-turn|p1a: Great Tusk
|-resisted|p1a: Great Tusk
|-damage|p1a: Great Tusk|91/100
|
|t:|1685840764
|switch|p2a: Basculegion|Basculegion-F, F|100/100|[from] U-turn
|
|-heal|p1a: Great Tusk|98/100|[from] Grassy Terrain
|upkeep
|turn|3
|
|t:|1685840773
|-end|p1a: Great Tusk|Protosynthesis|[silent]
|switch|p1a: Volcanion|Volcanion|100/100
|move|p2a: Basculegion|Ice Beam|p1a: Volcanion
|-resisted|p1a: Volcanion
|-damage|p1a: Volcanion|93/100
|
|-heal|p1a: Volcanion|99/100|[from] Grassy Terrain
|upkeep
|turn|4
|
|t:|1685840789
|switch|p2a: Toxapex|Toxapex, M|100/100
|move|p1a: Volcanion|Protect||[still]
|-fail|p1a: Volcanion
|
|-heal|p1a: Volcanion|100/100|[from] Grassy Terrain
|upkeep
|turn|5
|
|t:|1685840797
|switch|p1a: Magearna|Magearna|100/100
|move|p2a: Toxapex|Toxic Spikes|p1a: Magearna
|-sidestart|p1: robertcool14788|move: Toxic Spikes
|
|-fieldend|move: Grassy Terrain
|upkeep
|turn|6
|
|t:|1685840806
|switch|p2a: Tinkaton|Tinkaton, F|100/100
|-ability|p2a: Tinkaton|Mold Breaker
|move|p1a: Magearna|Substitute|p1a: Magearna
|-start|p1a: Magearna|Substitute
|-damage|p1a: Magearna|76/100
|
|-heal|p1a: Magearna|82/100|[from] item: Leftovers
|upkeep
|turn|7
|
|t:|1685840814
|move|p2a: Tinkaton|Encore|p1a: Magearna
|-start|p1a: Magearna|Encore
|move|p1a: Magearna|Substitute|p1a: Magearna
|-fail|p1a: Magearna|move: Substitute
|
|-heal|p1a: Magearna|88/100|[from] item: Leftovers
|upkeep
|turn|8
|
|t:|1685840824
|move|p2a: Tinkaton|Thunder Wave||[still]
|-fail|p2a: Tinkaton
|move|p1a: Magearna|Substitute|p1a: Magearna
|-fail|p1a: Magearna|move: Substitute
|
|-heal|p1a: Magearna|94/100|[from] item: Leftovers
|upkeep
|turn|9
|
|t:|1685840830
|move|p2a: Tinkaton|Gigaton Hammer|p1a: Magearna
|-end|p1a: Magearna|Substitute
|move|p1a: Magearna|Substitute|p1a: Magearna
|-start|p1a: Magearna|Substitute
|-damage|p1a: Magearna|69/100
|
|-heal|p1a: Magearna|75/100|[from] item: Leftovers
|-end|p1a: Magearna|Encore
|upkeep
|turn|10
|
|t:|1685840843
|switch|p1a: Great Tusk|Great Tusk|98/100
|move|p2a: Tinkaton|Encore||[still]
|-fail|p2a: Tinkaton
|
|upkeep
|turn|11
|
|t:|1685840862
|switch|p2a: Basculegion|Basculegion-F, F|100/100
|move|p1a: Great Tusk|Rapid Spin|p2a: Basculegion
|-immune|p2a: Basculegion
|
|upkeep
|turn|12
|
|t:|1685840868
|move|p2a: Basculegion|Shadow Ball|p1a: Great Tusk
|-damage|p1a: Great Tusk|22/100
|move|p1a: Great Tusk|Knock Off|p2a: Basculegion
|-supereffective|p2a: Basculegion
|-damage|p2a: Basculegion|11/100
|-enditem|p2a: Basculegion|Choice Scarf|[from] move: Knock Off|[of] p1a: Great Tusk
|
|upkeep
|turn|13
|
|t:|1685840883
|move|p1a: Great Tusk|Knock Off|p2a: Basculegion
|-supereffective|p2a: Basculegion
|-damage|p2a: Basculegion|0 fnt
|faint|p2a: Basculegion
|
|upkeep
|inactive|iced waffle has 120 seconds left.
|
|t:|1685840916
|switch|p2a: Hydreigon|Hydreigon, F|100/100
|turn|14
|
|t:|1685840925
|move|p2a: Hydreigon|Flash Cannon|p1a: Great Tusk
|-damage|p1a: Great Tusk|0 fnt
|faint|p1a: Great Tusk
|-end|p1a: Great Tusk|Protosynthesis|[silent]
|
|upkeep
|
|t:|1685840930
|switch|p1a: Magearna|Magearna|75/100
|turn|15
|
|t:|1685840935
|switch|p2a: Tinkaton|Tinkaton, F|100/100
|-ability|p2a: Tinkaton|Mold Breaker
|move|p1a: Magearna|Calm Mind|p1a: Magearna
|-boost|p1a: Magearna|spa|1
|-boost|p1a: Magearna|spd|1
|
|-heal|p1a: Magearna|81/100|[from] item: Leftovers
|upkeep
|turn|16
|
|t:|1685840944
|move|p2a: Tinkaton|Encore|p1a: Magearna
|-start|p1a: Magearna|Encore
|move|p1a: Magearna|Calm Mind|p1a: Magearna
|-boost|p1a: Magearna|spa|1
|-boost|p1a: Magearna|spd|1
|
|-heal|p1a: Magearna|87/100|[from] item: Leftovers
|upkeep
|turn|17
|
|t:|1685840950
|move|p2a: Tinkaton|Thunder Wave|p1a: Magearna
|-status|p1a: Magearna|par
|move|p1a: Magearna|Calm Mind|p1a: Magearna
|-boost|p1a: Magearna|spa|1
|-boost|p1a: Magearna|spd|1
|
|-heal|p1a: Magearna|93/100 par|[from] item: Leftovers
|upkeep
|turn|18
|
|t:|1685840958
|move|p2a: Tinkaton|Gigaton Hammer|p1a: Magearna
|-damage|p1a: Magearna|58/100 par
|move|p1a: Magearna|Calm Mind|p1a: Magearna
|-boost|p1a: Magearna|spa|1
|-boost|p1a: Magearna|spd|1
|
|-heal|p1a: Magearna|64/100 par|[from] item: Leftovers
|-end|p1a: Magearna|Encore
|upkeep
|turn|19
|
|t:|1685840975
|switch|p1a: Volcanion|Volcanion|100/100
|-status|p1a: Volcanion|psn
|move|p2a: Tinkaton|Encore||[still]
|-fail|p2a: Tinkaton
|
|-damage|p1a: Volcanion|88/100 psn|[from] psn
|upkeep
|turn|20
|
|t:|1685840985
|switch|p2a: Toxapex|Toxapex, M|100/100
|move|p1a: Volcanion|Steam Eruption|p2a: Toxapex
|-resisted|p2a: Toxapex
|-damage|p2a: Toxapex|76/100
|
|-heal|p2a: Toxapex|82/100|[from] item: Black Sludge
|-damage|p1a: Volcanion|76/100 psn|[from] psn
|upkeep
|turn|21
|
|t:|1685840999
|switch|p1a: Magearna|Magearna|64/100 par
|move|p2a: Toxapex|Toxic Spikes|p1a: Magearna
|-sidestart|p1: robertcool14788|move: Toxic Spikes
|
|-heal|p2a: Toxapex|88/100|[from] item: Black Sludge
|-heal|p1a: Magearna|70/100 par|[from] item: Leftovers
|upkeep
|turn|22
|
|t:|1685841007
|switch|p2a: Tinkaton|Tinkaton, F|100/100
|-ability|p2a: Tinkaton|Mold Breaker
|move|p1a: Magearna|Volt Switch|p2a: Tinkaton
|-damage|p2a: Tinkaton|82/100
|
|t:|1685841013
|switch|p1a: Volcanion|Volcanion|76/100 psn|[from] Volt Switch
|
|-heal|p2a: Tinkaton|88/100|[from] item: Leftovers
|-damage|p1a: Volcanion|63/100 psn|[from] psn
|upkeep
|turn|23
|-message|robertcool14788 forfeited.
|
|win|iced waffle
|raw|robertcool14788's rating: 1127 → 1096(-31 for losing)
|raw|iced waffle's rating: 1044 → 1085(+41 for winning)
|l|☆robertcool14788
