|j|☆behind yo mom
|j|☆testertester123
|t:|1685913660
|gametype|singles
|player|p1|behind yo mom|clay|1684
|player|p2|testertester123|cynthia-gen7|1572
|teamsize|p1|6
|teamsize|p2|6
|gen|9
|tier|[Gen 9] OU
|rated|
|rule|Sleep Clause Mod: Limit one foe put to sleep
|rule|Species Clause: Limit one of each Pokémon
|rule|OHKO Clause: OHKO moves are banned
|rule|Evasion Items Clause: Evasion items are banned
|rule|Evasion Moves Clause: Evasion moves are banned
|rule|Endless Battle Clause: Forcing endless battles is banned
|rule|HP Percentage Mod: HP is shown in percentages
|clearpoke
|poke|p1|Slither Wing|
|poke|p1|Torkoal, F|
|poke|p1|Great Tusk|
|poke|p1|Arcanine-Hisui, F|
|poke|p1|Walking Wake|
|poke|p1|Roaring Moon|
|poke|p2|Dragonite, F|
|poke|p2|Houndstone, F|
|poke|p2|Ting-Lu|
|poke|p2|Gholdengo|
|poke|p2|Slowbro-Galar, F|
|poke|p2|Great Tusk|
|teampreview
|inactive|Battle timer is ON: inactive players will automatically lose when time's up. (requested by testertester123)
|
|t:|1685913680
|start
|switch|p1a: Torkoal|Torkoal, F|100/100
|switch|p2a: Ting-Lu|Ting-Lu|100/100
|-ability|p2a: Ting-Lu|Vessel of Ruin
|-weather|SunnyDay|[from] ability: Drought|[of] p1a: Torkoal
|turn|1
|
|t:|1685913689
|move|p2a: Ting-Lu|Ruination|p1a: Torkoal
|-damage|p1a: Torkoal|51/100
|move|p1a: Torkoal|Yawn|p2a: Ting-Lu
|-start|p2a: Ting-Lu|move: Yawn|[of] p1a: Torkoal
|
|-weather|SunnyDay|[upkeep]
|upkeep
|turn|2
|
|t:|1685913714
|move|p2a: Ting-Lu|Earthquake|p1a: Torkoal
|-supereffective|p1a: Torkoal
|-damage|p1a: Torkoal|0 fnt
|faint|p1a: Torkoal
|
|-weather|SunnyDay|[upkeep]
|-end|p2a: Ting-Lu|move: Yawn|[silent]
|-status|p2a: Ting-Lu|slp
|upkeep
|
|t:|1685913723
|switch|p1a: Great Tusk|Great Tusk|100/100
|-activate|p1a: Great Tusk|ability: Protosynthesis
|-start|p1a: Great Tusk|protosynthesisatk
|turn|3
|
|t:|1685913730
|switch|p2a: Great Tusk|Great Tusk|100/100
|-activate|p2a: Great Tusk|ability: Protosynthesis
|-start|p2a: Great Tusk|protosynthesisdef
|move|p1a: Great Tusk|Rapid Spin|p2a: Great Tusk
|-damage|p2a: Great Tusk|91/100
|-boost|p1a: Great Tusk|spe|1
|-damage|p1a: Great Tusk|84/100|[from] item: Rocky Helmet|[of] p2a: Great Tusk
|
|-weather|SunnyDay|[upkeep]
|upkeep
|turn|4
|
|t:|1685913739
|move|p1a: Great Tusk|Knock Off|p2a: Great Tusk
|-resisted|p2a: Great Tusk
|-damage|p2a: Great Tusk|82/100
|-damage|p1a: Great Tusk|67/100|[from] item: Rocky Helmet|[of] p2a: Great Tusk
|-enditem|p2a: Great Tusk|Rocky Helmet|[from] move: Knock Off|[of] p1a: Great Tusk
|move|p2a: Great Tusk|Knock Off|p1a: Great Tusk
|-resisted|p1a: Great Tusk
|-damage|p1a: Great Tusk|59/100
|-enditem|p1a: Great Tusk|Assault Vest|[from] move: Knock Off|[of] p2a: Great Tusk
|
|-weather|SunnyDay|[upkeep]
|upkeep
|turn|5
|
|t:|1685913757
|move|p1a: Great Tusk|Ice Spinner|p2a: Great Tusk
|-supereffective|p2a: Great Tusk
|-damage|p2a: Great Tusk|53/100
|move|p2a: Great Tusk|Stealth Rock|p1a: Great Tusk
|-sidestart|p1: behind yo mom|move: Stealth Rock
|
|-weather|SunnyDay|[upkeep]
|upkeep
|turn|6
|
|t:|1685913774
|move|p1a: Great Tusk|Ice Spinner|p2a: Great Tusk
|-supereffective|p2a: Great Tusk
|-damage|p2a: Great Tusk|23/100
|move|p2a: Great Tusk|Earthquake|p1a: Great Tusk
|-damage|p1a: Great Tusk|32/100
|
|-weather|SunnyDay|[upkeep]
|upkeep
|turn|7
|
|t:|1685913788
|move|p1a: Great Tusk|Ice Spinner|p2a: Great Tusk
|-supereffective|p2a: Great Tusk
|-damage|p2a: Great Tusk|0 fnt
|faint|p2a: Great Tusk
|-end|p2a: Great Tusk|Protosynthesis|[silent]
|
|-weather|SunnyDay|[upkeep]
|upkeep
|
|t:|1685913791
|switch|p2a: Houndstone|Houndstone, F|100/100
|turn|8
|inactive|testertester123 has 120 seconds left.
|
|t:|1685913817
|move|p1a: Great Tusk|Knock Off|p2a: Houndstone
|-supereffective|p2a: Houndstone
|-damage|p2a: Houndstone|66/100
|-enditem|p2a: Houndstone|Leftovers|[from] move: Knock Off|[of] p1a: Great Tusk
|move|p2a: Houndstone|Roar|p1a: Great Tusk
|-end|p1a: Great Tusk|Protosynthesis|[silent]
|drag|p1a: Slither Wing|Slither Wing|100/100
|-damage|p1a: Slither Wing|88/100|[from] Stealth Rock
|-activate|p1a: Slither Wing|ability: Protosynthesis
|-start|p1a: Slither Wing|protosynthesisatk
|
|-weather|none
|-end|p1a: Slither Wing|Protosynthesis
|upkeep
|turn|9
|
|t:|1685913829
|move|p1a: Slither Wing|U-turn|p2a: Houndstone
|-resisted|p2a: Houndstone
|-damage|p2a: Houndstone|56/100
|
|t:|1685913839
|-end|p1a: Slither Wing|Protosynthesis|[silent]
|switch|p1a: Arcanine|Arcanine-Hisui, F|100/100|[from] U-turn
|-damage|p1a: Arcanine|76/100|[from] Stealth Rock
|move|p2a: Houndstone|Night Shade|p1a: Arcanine
|-damage|p1a: Arcanine|46/100
|
|upkeep
|turn|10
|inactive|testertester123 has 120 seconds left.
|
|t:|1685913863
|switch|p2a: Ting-Lu|Ting-Lu|100/100 slp
|-ability|p2a: Ting-Lu|Vessel of Ruin
|move|p1a: Arcanine|Morning Sun|p1a: Arcanine
|-heal|p1a: Arcanine|95/100
|
|upkeep
|turn|11
|inactive|testertester123 has 120 seconds left.
|
|t:|1685913877
|move|p1a: Arcanine|Flare Blitz|p2a: Ting-Lu
|-damage|p2a: Ting-Lu|59/100 slp
|-damage|p1a: Arcanine|85/100|[from] item: Life Orb
|cant|p2a: Ting-Lu|slp
|
|-heal|p2a: Ting-Lu|65/100 slp|[from] item: Leftovers
|upkeep
|turn|12
|inactive|testertester123 has 120 seconds left.
|
|t:|1685913888
|move|p1a: Arcanine|Flare Blitz|p2a: Ting-Lu
|-damage|p2a: Ting-Lu|21/100 slp
|-damage|p1a: Arcanine|75/100|[from] item: Life Orb
|-curestatus|p2a: Ting-Lu|slp|[msg]
|move|p2a: Ting-Lu|Spikes|p1a: Arcanine
|-sidestart|p1: behind yo mom|Spikes
|
|-heal|p2a: Ting-Lu|27/100|[from] item: Leftovers
|upkeep
|turn|13
|inactive|testertester123 has 120 seconds left.
|
|t:|1685913901
|move|p1a: Arcanine|Flare Blitz|p2a: Ting-Lu
|-damage|p2a: Ting-Lu|0 fnt
|faint|p2a: Ting-Lu
|-damage|p1a: Arcanine|65/100|[from] item: Life Orb
|
|upkeep
|inactive|testertester123 has 120 seconds left.
|inactive|testertester123 has 90 seconds left.
|
|t:|1685913947
|switch|p2a: Dragonite|Dragonite, F|100/100
|turn|14
|
|t:|1685913972
|-terastallize|p2a: Dragonite|Normal
|move|p1a: Arcanine|Head Smash|p2a: Dragonite
|-damage|p2a: Dragonite|51/100
|-damage|p1a: Arcanine|55/100|[from] item: Life Orb
|move|p2a: Dragonite|Dragon Dance|p2a: Dragonite
|-boost|p2a: Dragonite|atk|1
|-boost|p2a: Dragonite|spe|1
|
|upkeep
|turn|15
|
|t:|1685913980
|move|p1a: Arcanine|Extreme Speed|p2a: Dragonite
|-damage|p2a: Dragonite|17/100
|-damage|p1a: Arcanine|46/100|[from] item: Life Orb
|move|p2a: Dragonite|Earthquake|p1a: Arcanine
|-supereffective|p1a: Arcanine
|-damage|p1a: Arcanine|0 fnt
|faint|p1a: Arcanine
|
|upkeep
|
|t:|1685913988
|switch|p1a: Slither Wing|Slither Wing|88/100
|-damage|p1a: Slither Wing|76/100|[from] Stealth Rock
|-damage|p1a: Slither Wing|64/100|[from] Spikes
|turn|16
|
|t:|1685913998
|move|p2a: Dragonite|Extreme Speed|p1a: Slither Wing
|-damage|p1a: Slither Wing|0 fnt
|faint|p1a: Slither Wing
|-end|p1a: Slither Wing|Protosynthesis|[silent]
|
|upkeep
|
|t:|1685914006
|switch|p1a: Walking Wake|Walking Wake|100/100
|-damage|p1a: Walking Wake|88/100|[from] Stealth Rock
|-damage|p1a: Walking Wake|76/100|[from] Spikes
|turn|17
|inactive|testertester123 has 90 seconds left.
|
|t:|1685914014
|move|p2a: Dragonite|Extreme Speed|p1a: Walking Wake
|-damage|p1a: Walking Wake|8/100
|move|p1a: Walking Wake|Hydro Steam|p2a: Dragonite
|-damage|p2a: Dragonite|0 fnt
|faint|p2a: Dragonite
|
|-heal|p1a: Walking Wake|14/100|[from] item: Leftovers
|upkeep
|inactive|testertester123 has 90 seconds left.
|
|t:|1685914020
|switch|p2a: Slowbro|Slowbro-Galar, F|100/100
|turn|18
|
|t:|1685914028
|move|p1a: Walking Wake|Draco Meteor|p2a: Slowbro
|-damage|p2a: Slowbro|57/100
|-unboost|p1a: Walking Wake|spa|2
|move|p2a: Slowbro|Shell Side Arm|p1a: Walking Wake|[anim] Shell Side Arm Special
|-damage|p1a: Walking Wake|0 fnt
|-hint|Special Shell Side Arm
|faint|p1a: Walking Wake
|-end|p1a: Walking Wake|Protosynthesis|[silent]
|
|upkeep
|
|t:|1685914035
|switch|p1a: Great Tusk|Great Tusk|32/100
|-damage|p1a: Great Tusk|29/100|[from] Stealth Rock
|-damage|p1a: Great Tusk|16/100|[from] Spikes
|turn|19
|
|t:|1685914054
|move|p1a: Great Tusk|Knock Off|p2a: Slowbro
|-supereffective|p2a: Slowbro
|-damage|p2a: Slowbro|0 fnt
|-enditem|p2a: Slowbro|Assault Vest|[from] move: Knock Off|[of] p1a: Great Tusk
|faint|p2a: Slowbro
|
|upkeep
|inactive|testertester123 has 90 seconds left.
|
|t:|1685914086
|switch|p2a: Houndstone|Houndstone, F|56/100
|turn|20
|
|t:|1685914090
|move|p1a: Great Tusk|Knock Off|p2a: Houndstone
|-supereffective|p2a: Houndstone
|-damage|p2a: Houndstone|38/100
|move|p2a: Houndstone|Roar|p1a: Great Tusk
|-end|p1a: Great Tusk|Protosynthesis|[silent]
|drag|p1a: Roaring Moon|Roaring Moon|100/100
|-damage|p1a: Roaring Moon|88/100|[from] Stealth Rock
|-damage|p1a: Roaring Moon|76/100|[from] Spikes
|
|upkeep
|turn|21
|
|t:|1685914097
|move|p1a: Roaring Moon|Crunch|p2a: Houndstone
|-supereffective|p2a: Houndstone
|-damage|p2a: Houndstone|4/100
|move|p2a: Houndstone|Will-O-Wisp|p1a: Roaring Moon
|-status|p1a: Roaring Moon|brn
|
|-damage|p1a: Roaring Moon|70/100 brn|[from] brn
|upkeep
|turn|22
|inactive|testertester123 has 90 seconds left.
|
|t:|1685914106
|move|p1a: Roaring Moon|Dragon Dance|p1a: Roaring Moon
|-boost|p1a: Roaring Moon|atk|1
|-boost|p1a: Roaring Moon|spe|1
|move|p2a: Houndstone|Body Press|p1a: Roaring Moon
|-supereffective|p1a: Roaring Moon
|-damage|p1a: Roaring Moon|3/100 brn
|
|-damage|p1a: Roaring Moon|0 fnt|[from] brn
|faint|p1a: Roaring Moon
|-end|p1a: Roaring Moon|Protosynthesis|[silent]
|upkeep
|-message|behind yo mom forfeited.
|
|win|testertester123
|raw|behind yo mom's rating: 1684 → 1658(-26 for losing)
|raw|testertester123's rating: 1572 → 1598(+26 for winning)
|l|☆behind yo mom
|c|☆testertester123|Gg
