|j|☆TheWildAlien
|j|☆Laslous08
|t:|1685884077
|gametype|singles
|player|p1|TheWildAlien|101|1093
|player|p2|Laslous08|cress|1103
|teamsize|p1|6
|teamsize|p2|6
|gen|9
|tier|[Gen 9] OU
|rated|
|rule|Sleep Clause Mod: Limit one foe put to sleep
|rule|Species Clause: Limit one of each Pokémon
|rule|OHKO Clause: OHKO moves are banned
|rule|Evasion Items Clause: Evasion items are banned
|rule|Evasion Moves Clause: Evasion moves are banned
|rule|Endless Battle Clause: Forcing endless battles is banned
|rule|HP Percentage Mod: HP is shown in percentages
|clearpoke
|poke|p1|Typhlosion, M|
|poke|p1|Torkoal, M|
|poke|p1|Hatterene, F|
|poke|p1|Roaring Moon|
|poke|p1|Amoonguss, F|
|poke|p1|Ceruledge, M|
|poke|p2|Ursaluna, F|
|poke|p2|Sneasler, M|
|poke|p2|Hatterene, F|
|poke|p2|Rillaboom, M|
|poke|p2|Tornadus-Therian, M|
|poke|p2|Lilligant-Hisui, F|
|teampreview
|inactive|Battle timer is ON: inactive players will automatically lose when time's up. (requested by TheWildAlien)
|
|t:|1685884092
|start
|switch|p1a: Torkoal|Torkoal, M|100/100
|switch|p2a: Rillaboom|Rillaboom, M|100/100
|-fieldstart|move: Grassy Terrain|[from] ability: Grassy Surge|[of] p2a: Rillaboom
|-weather|SunnyDay|[from] ability: Drought|[of] p1a: Torkoal
|turn|1
|
|t:|1685884113
|move|p2a: Rillaboom|Knock Off|p1a: Torkoal
|-crit|p1a: Torkoal
|-damage|p1a: Torkoal|61/100
|-enditem|p1a: Torkoal|Heat Rock|[from] move: Knock Off|[of] p2a: Rillaboom
|-damage|p2a: Rillaboom|91/100|[from] item: Life Orb
|move|p1a: Torkoal|Lava Plume|p2a: Rillaboom
|-supereffective|p2a: Rillaboom
|-damage|p2a: Rillaboom|0 fnt
|faint|p2a: Rillaboom
|
|-weather|SunnyDay|[upkeep]
|-heal|p1a: Torkoal|68/100|[from] Grassy Terrain
|upkeep
|
|t:|1685884124
|switch|p2a: Ursaluna|Ursaluna, F|100/100
|turn|2
|
|t:|1685884128
|move|p2a: Ursaluna|Swords Dance|p2a: Ursaluna
|-boost|p2a: Ursaluna|atk|2
|move|p1a: Torkoal|Stealth Rock|p2a: Ursaluna
|-sidestart|p2: Laslous08|move: Stealth Rock
|
|-weather|SunnyDay|[upkeep]
|-heal|p1a: Torkoal|74/100|[from] Grassy Terrain
|-status|p2a: Ursaluna|brn|[from] item: Flame Orb
|upkeep
|turn|3
|
|t:|1685884136
|-terastallize|p1a: Torkoal|Water
|move|p2a: Ursaluna|Earthquake|p1a: Torkoal
|-damage|p1a: Torkoal|25/100
|move|p1a: Torkoal|Body Press|p2a: Ursaluna
|-supereffective|p2a: Ursaluna
|-damage|p2a: Ursaluna|61/100 brn
|
|-weather|SunnyDay|[upkeep]
|-heal|p2a: Ursaluna|67/100 brn|[from] Grassy Terrain
|-heal|p1a: Torkoal|31/100|[from] Grassy Terrain
|-damage|p2a: Ursaluna|61/100 brn|[from] brn
|upkeep
|turn|4
|
|t:|1685884143
|switch|p1a: Hatterene|Hatterene, F|100/100
|move|p2a: Ursaluna|Facade|p1a: Hatterene
|-damage|p1a: Hatterene|0 fnt
|faint|p1a: Hatterene
|
|-weather|SunnyDay|[upkeep]
|-heal|p2a: Ursaluna|67/100 brn|[from] Grassy Terrain
|-damage|p2a: Ursaluna|61/100 brn|[from] brn
|upkeep
|
|t:|1685884146
|switch|p1a: Amoonguss|Amoonguss, F|100/100
|turn|5
|
|t:|1685884164
|move|p2a: Ursaluna|Facade|p1a: Amoonguss
|-crit|p1a: Amoonguss
|-damage|p1a: Amoonguss|0 fnt
|faint|p1a: Amoonguss
|
|-weather|SunnyDay|[upkeep]
|-heal|p2a: Ursaluna|67/100 brn|[from] Grassy Terrain
|-damage|p2a: Ursaluna|61/100 brn|[from] brn
|-fieldend|move: Grassy Terrain
|upkeep
|
|t:|1685884169
|switch|p1a: Typhlosion|Typhlosion, M|100/100
|turn|6
|
|t:|1685884176
|move|p1a: Typhlosion|Eruption|p2a: Ursaluna
|-damage|p2a: Ursaluna|0 fnt
|faint|p2a: Ursaluna
|
|-weather|SunnyDay|[upkeep]
|upkeep
|inactive|Laslous08 has 120 seconds left.
|c|☆TheWildAlien|?
|inactive|Laslous08 has 90 seconds left.
|inactive|Laslous08 has 60 seconds left.
|
|t:|1685884273
|switch|p2a: Sneasler|Sneasler, M|100/100
|-damage|p2a: Sneasler|95/100|[from] Stealth Rock
|turn|7
|inactive|Laslous08 has 60 seconds left.
|
|t:|1685884288
|move|p1a: Typhlosion|Eruption|p2a: Sneasler
|-damage|p2a: Sneasler|0 fnt
|faint|p2a: Sneasler
|
|-weather|SunnyDay|[upkeep]
|upkeep
|
|t:|1685884293
|switch|p2a: Hatterene|Hatterene, F|100/100
|-damage|p2a: Hatterene|88/100|[from] Stealth Rock
|turn|8
|inactive|Laslous08 has 60 seconds left.
|
|t:|1685884310
|-terastallize|p2a: Hatterene|Water
|move|p1a: Typhlosion|Eruption|p2a: Hatterene
|-resisted|p2a: Hatterene
|-damage|p2a: Hatterene|33/100
|-enditem|p2a: Hatterene|Eject Button
|
|t:|1685884321
|switch|p2a: Tornadus|Tornadus-Therian, M|100/100
|-damage|p2a: Tornadus|76/100|[from] Stealth Rock
|
|-weather|none
|upkeep
|turn|9
|
|t:|1685884346
|switch|p1a: Torkoal|Torkoal, M, tera:Water|31/100
|-weather|SunnyDay|[from] ability: Drought|[of] p1a: Torkoal
|move|p2a: Tornadus|Bleakwind Storm|p1a: Torkoal
|-damage|p1a: Torkoal|0 fnt
|faint|p1a: Torkoal
|
|-weather|SunnyDay|[upkeep]
|upkeep
|
|t:|1685884349
|switch|p1a: Typhlosion|Typhlosion, M|100/100
|turn|10
|
|t:|1685884356
|move|p1a: Typhlosion|Eruption|p2a: Tornadus
|-damage|p2a: Tornadus|2/100
|move|p2a: Tornadus|Bleakwind Storm|p1a: Typhlosion
|-damage|p1a: Typhlosion|56/100
|
|-weather|SunnyDay|[upkeep]
|upkeep
|turn|11
|
|t:|1685884365
|switch|p2a: Hatterene|Hatterene, F, tera:Water|33/100
|-damage|p2a: Hatterene|21/100|[from] Stealth Rock
|move|p1a: Typhlosion|Eruption|p2a: Hatterene
|-resisted|p2a: Hatterene
|-damage|p2a: Hatterene|0 fnt
|faint|p2a: Hatterene
|
|-weather|SunnyDay|[upkeep]
|upkeep
|
|t:|1685884371
|switch|p2a: Tornadus|Tornadus-Therian, M|36/100
|-damage|p2a: Tornadus|11/100|[from] Stealth Rock
|turn|12
|
|t:|1685884385
|move|p1a: Typhlosion|Eruption|p2a: Tornadus
|-damage|p2a: Tornadus|0 fnt
|faint|p2a: Tornadus
|
|-weather|SunnyDay|[upkeep]
|upkeep
|
|t:|1685884408
|switch|p2a: Lilligant|Lilligant-Hisui, F|100/100
|-damage|p2a: Lilligant|94/100|[from] Stealth Rock
|turn|13
|
|t:|1685884417
|switch|p1a: Ceruledge|Ceruledge, M|100/100
|move|p2a: Lilligant|Sleep Powder|p1a: Ceruledge
|-status|p1a: Ceruledge|slp|[from] move: Sleep Powder
|
|-weather|none
|upkeep
|turn|14
|
|t:|1685884421
|move|p2a: Lilligant|Victory Dance|p2a: Lilligant
|-boost|p2a: Lilligant|atk|1
|-boost|p2a: Lilligant|def|1
|-boost|p2a: Lilligant|spe|1
|cant|p1a: Ceruledge|slp
|
|upkeep
|turn|15
|
|t:|1685884425
|move|p2a: Lilligant|Victory Dance|p2a: Lilligant
|-boost|p2a: Lilligant|atk|1
|-boost|p2a: Lilligant|def|1
|-boost|p2a: Lilligant|spe|1
|cant|p1a: Ceruledge|slp
|
|upkeep
|turn|16
|
|t:|1685884433
|move|p2a: Lilligant|Victory Dance|p2a: Lilligant
|-boost|p2a: Lilligant|atk|1
|-boost|p2a: Lilligant|def|1
|-boost|p2a: Lilligant|spe|1
|cant|p1a: Ceruledge|slp
|
|upkeep
|turn|17
|
|t:|1685884436
|move|p2a: Lilligant|Leaf Blade|p1a: Ceruledge|[miss]
|-miss|p2a: Lilligant|p1a: Ceruledge
|-curestatus|p1a: Ceruledge|slp|[msg]
|move|p1a: Ceruledge|Swords Dance|p1a: Ceruledge
|-boost|p1a: Ceruledge|atk|2
|
|upkeep
|turn|18
|
|t:|1685884440
|move|p2a: Lilligant|Leaf Blade|p1a: Ceruledge|[miss]
|-miss|p2a: Lilligant|p1a: Ceruledge
|move|p1a: Ceruledge|Swords Dance|p1a: Ceruledge
|-boost|p1a: Ceruledge|atk|2
|
|upkeep
|turn|19
|
|t:|1685884444
|move|p2a: Lilligant|Leaf Blade|p1a: Ceruledge|[miss]
|-miss|p2a: Lilligant|p1a: Ceruledge
|move|p1a: Ceruledge|Swords Dance|p1a: Ceruledge
|-boost|p1a: Ceruledge|atk|2
|
|upkeep
|turn|20
|c|☆Laslous08|brooo
|
|t:|1685884450
|move|p2a: Lilligant|Leaf Blade|p1a: Ceruledge
|-resisted|p1a: Ceruledge
|-enditem|p1a: Ceruledge|Focus Sash
|-damage|p1a: Ceruledge|1/100
|-ability|p1a: Ceruledge|Weak Armor|boost
|-unboost|p1a: Ceruledge|def|1
|-boost|p1a: Ceruledge|spe|2
|move|p1a: Ceruledge|Swords Dance|p1a: Ceruledge
|-boost|p1a: Ceruledge|atk|0
|
|upkeep
|turn|21
|c|☆TheWildAlien|not even close
|c|☆Laslous08|3 time miss
|c|☆TheWildAlien|thx focus shash
|c|☆TheWildAlien|i will stack anyway
|inactive|TheWildAlien has 120 seconds left.
|inactive|Laslous08 has 120 seconds left.
|c|☆Laslous08|no shadow sneak pls
|c|☆TheWildAlien|now die
|c|☆TheWildAlien|i have shadow sneak
|c|☆TheWildAlien|but
|c|☆TheWildAlien|i will not use it
|c|☆TheWildAlien|i swear :))
|c|☆Laslous08|ty
|inactive|TheWildAlien has 90 seconds left.
|c|☆TheWildAlien|IM LYING
|c|☆TheWildAlien|DIE BITCH
|c|☆Laslous08|nooooooooooooooooo
|
|t:|1685884535
|move|p2a: Lilligant|Leaf Blade|p1a: Ceruledge
|-resisted|p1a: Ceruledge
|-damage|p1a: Ceruledge|0 fnt
|faint|p1a: Ceruledge
|
|upkeep
|c|☆TheWildAlien|again joking
|c|☆TheWildAlien|i swear i didnt use it
|c|☆Laslous08|ty
|c|☆TheWildAlien|here is the proof
|c|☆TheWildAlien|but
|inactive|TheWildAlien has 60 seconds left.
|c|☆TheWildAlien|im dead
|
|t:|1685884557
|switch|p1a: Roaring Moon|Roaring Moon|100/100
|turn|22
|inactive|Laslous08 has 120 seconds left.
|
|t:|1685884568
|move|p2a: Lilligant|Sleep Powder|p1a: Roaring Moon|[miss]
|-miss|p2a: Lilligant|p1a: Roaring Moon
|move|p1a: Roaring Moon|Outrage|p2a: Lilligant
|-damage|p2a: Lilligant|39/100
|
|upkeep
|turn|23
|
|t:|1685884573
|move|p2a: Lilligant|Close Combat|p1a: Roaring Moon
|-supereffective|p1a: Roaring Moon
|-damage|p1a: Roaring Moon|0 fnt
|-unboost|p2a: Lilligant|def|1
|-unboost|p2a: Lilligant|spd|1
|faint|p1a: Roaring Moon
|-end|p1a: Roaring Moon|Protosynthesis|[silent]
|
|upkeep
|
|t:|1685884577
|switch|p1a: Typhlosion|Typhlosion, M|56/100
|turn|24
|c|☆Laslous08|gg
|
|t:|1685884585
|move|p2a: Lilligant|Leaf Blade|p1a: Typhlosion
|-resisted|p1a: Typhlosion
|-crit|p1a: Typhlosion
|-damage|p1a: Typhlosion|0 fnt
|faint|p1a: Typhlosion
|
|win|Laslous08
|raw|TheWildAlien's rating: 1093 → 1070(-23 for losing)
|raw|Laslous08's rating: 1103 → 1127(+24 for winning)
