|j|☆Gregory Mirabella
|j|☆Omer Aha Aha
|t:|1685919396
|gametype|singles
|player|p1|Gregory Mirabella|2|1318
|player|p2|Omer Aha Aha|crasherwake|1372
|teamsize|p1|6
|teamsize|p2|6
|gen|9
|tier|[Gen 9] OU
|rated|
|rule|Sleep Clause Mod: Limit one foe put to sleep
|rule|Species Clause: Limit one of each Pokémon
|rule|OHKO Clause: OHKO moves are banned
|rule|Evasion Items Clause: Evasion items are banned
|rule|Evasion Moves Clause: Evasion moves are banned
|rule|Endless Battle Clause: Forcing endless battles is banned
|rule|HP Percentage Mod: HP is shown in percentages
|clearpoke
|poke|p1|Sneasler, F|
|poke|p1|Arcanine-Hisui, M|
|poke|p1|Azelf|
|poke|p1|Goodra-Hisui, F|
|poke|p1|Enamorus-Therian, F|
|poke|p1|Sandy Shocks|
|poke|p2|Landorus-Therian, M|
|poke|p2|Braviary-Hisui, M|
|poke|p2|Garganacl, F|
|poke|p2|Samurott-Hisui, M|
|poke|p2|Slither Wing|
|poke|p2|Breloom, F|
|teampreview
|c|☆Gregory Mirabella|glhf
|
|t:|1685919409
|start
|switch|p1a: Azelf|Azelf, shiny|100/100
|switch|p2a: GeilGanarcal|Garganacl, F, shiny|100/100
|turn|1
|inactive|Battle timer is ON: inactive players will automatically lose when time's up. (requested by Omer Aha Aha)
|
|t:|1685919439
|move|p1a: Azelf|Stealth Rock|p2a: GeilGanarcal
|-sidestart|p2: Omer Aha Aha|move: Stealth Rock
|move|p2a: GeilGanarcal|Salt Cure|p1a: Azelf
|-damage|p1a: Azelf|79/100
|-start|p1a: Azelf|Salt Cure
|
|-damage|p1a: Azelf|66/100|[from] Salt Cure
|upkeep
|turn|2
|
|t:|1685919449
|move|p1a: Azelf|U-turn|p2a: GeilGanarcal
|-damage|p2a: GeilGanarcal|90/100
|
|t:|1685919456
|switch|p1a: Sneasler|Sneasler, F, shiny|100/100|[from] U-turn
|move|p2a: GeilGanarcal|Iron Defense|p2a: GeilGanarcal
|-boost|p2a: GeilGanarcal|def|2
|
|-heal|p2a: GeilGanarcal|96/100|[from] item: Leftovers
|upkeep
|turn|3
|
|t:|1685919470
|-terastallize|p2a: GeilGanarcal|Ghost
|move|p1a: Sneasler|U-turn|p2a: GeilGanarcal
|-resisted|p2a: GeilGanarcal
|-damage|p2a: GeilGanarcal|90/100
|
|t:|1685919484
|switch|p1a: Enamorus|Enamorus-Therian, F, shiny|100/100|[from] U-turn
|move|p2a: GeilGanarcal|Salt Cure|p1a: Enamorus
|-supereffective|p1a: Enamorus
|-damage|p1a: Enamorus|82/100
|-start|p1a: Enamorus|Salt Cure
|
|-heal|p2a: GeilGanarcal|96/100|[from] item: Leftovers
|-damage|p1a: Enamorus|69/100|[from] Salt Cure
|upkeep
|turn|4
|
|t:|1685919497
|move|p1a: Enamorus|Draining Kiss|p2a: GeilGanarcal
|-damage|p2a: GeilGanarcal|80/100
|-heal|p1a: Enamorus|83/100|[from] drain|[of] p2a: GeilGanarcal
|move|p2a: GeilGanarcal|Salt Cure|p1a: Enamorus
|-supereffective|p1a: Enamorus
|-damage|p1a: Enamorus|64/100
|
|-heal|p2a: GeilGanarcal|86/100|[from] item: Leftovers
|-damage|p1a: Enamorus|52/100|[from] Salt Cure
|upkeep
|turn|5
|
|t:|1685919512
|switch|p1a: Sneasler|Sneasler, F, shiny|100/100
|move|p2a: GeilGanarcal|Salt Cure|p1a: Sneasler
|-resisted|p1a: Sneasler
|-damage|p1a: Sneasler|90/100
|-start|p1a: Sneasler|Salt Cure
|
|-heal|p2a: GeilGanarcal|92/100|[from] item: Leftovers
|-damage|p1a: Sneasler|77/100|[from] Salt Cure
|upkeep
|turn|6
|
|t:|1685919520
|move|p1a: Sneasler|Night Slash|p2a: GeilGanarcal
|-supereffective|p2a: GeilGanarcal
|-damage|p2a: GeilGanarcal|70/100
|move|p2a: GeilGanarcal|Iron Defense|p2a: GeilGanarcal
|-boost|p2a: GeilGanarcal|def|2
|
|-heal|p2a: GeilGanarcal|76/100|[from] item: Leftovers
|-damage|p1a: Sneasler|65/100|[from] Salt Cure
|upkeep
|turn|7
|
|t:|1685919528
|move|p1a: Sneasler|Night Slash|p2a: GeilGanarcal
|-supereffective|p2a: GeilGanarcal
|-damage|p2a: GeilGanarcal|61/100
|move|p2a: GeilGanarcal|Body Press|p1a: Sneasler
|-resisted|p1a: Sneasler
|-damage|p1a: Sneasler|1/100
|
|-heal|p2a: GeilGanarcal|67/100|[from] item: Leftovers
|-damage|p1a: Sneasler|0 fnt|[from] Salt Cure
|faint|p1a: Sneasler
|upkeep
|
|t:|1685919542
|switch|p1a: Azelf|Azelf, shiny|66/100
|turn|8
|
|t:|1685919551
|move|p1a: Azelf|Mystical Power|p2a: GeilGanarcal
|-damage|p2a: GeilGanarcal|43/100
|-boost|p1a: Azelf|spa|1
|move|p2a: GeilGanarcal|Recover|p2a: GeilGanarcal
|-heal|p2a: GeilGanarcal|93/100
|
|-heal|p2a: GeilGanarcal|99/100|[from] item: Leftovers
|upkeep
|turn|9
|
|t:|1685919558
|move|p1a: Azelf|Mystical Power|p2a: GeilGanarcal
|-damage|p2a: GeilGanarcal|59/100
|-boost|p1a: Azelf|spa|1
|move|p2a: GeilGanarcal|Salt Cure|p1a: Azelf
|-damage|p1a: Azelf|45/100
|-start|p1a: Azelf|Salt Cure
|
|-heal|p2a: GeilGanarcal|65/100|[from] item: Leftovers
|-damage|p1a: Azelf|33/100|[from] Salt Cure
|upkeep
|turn|10
|
|t:|1685919567
|switch|p2a: KilliGay|Samurott-Hisui, M, shiny|100/100
|-damage|p2a: KilliGay|88/100|[from] Stealth Rock
|move|p1a: Azelf|Shadow Ball|p2a: KilliGay
|-resisted|p2a: KilliGay
|-crit|p2a: KilliGay
|-damage|p2a: KilliGay|24/100
|
|-damage|p1a: Azelf|20/100|[from] Salt Cure
|upkeep
|turn|11
|
|t:|1685919575
|move|p2a: KilliGay|Sucker Punch|p1a: Azelf
|-supereffective|p1a: Azelf
|-damage|p1a: Azelf|0 fnt
|faint|p1a: Azelf
|-damage|p2a: KilliGay|15/100|[from] item: Life Orb
|
|upkeep
|
|t:|1685919581
|switch|p1a: Enamorus|Enamorus-Therian, F, shiny|52/100
|turn|12
|
|t:|1685919590
|move|p2a: KilliGay|Aqua Cutter|p1a: Enamorus
|-damage|p1a: Enamorus|14/100
|-damage|p2a: KilliGay|5/100|[from] item: Life Orb
|move|p1a: Enamorus|Calm Mind|p1a: Enamorus
|-boost|p1a: Enamorus|spa|1
|-boost|p1a: Enamorus|spd|1
|
|upkeep
|turn|13
|
|t:|1685919597
|switch|p1a: Goodra|Goodra-Hisui, F, shiny|100/100
|move|p2a: KilliGay|Ceaseless Edge|p1a: Goodra
|-damage|p1a: Goodra|45/100
|-sidestart|p1: Gregory Mirabella|Spikes
|-damage|p2a: KilliGay|0 fnt|[from] item: Life Orb
|faint|p2a: KilliGay
|
|-heal|p1a: Goodra|51/100|[from] item: Leftovers
|upkeep
|
|t:|1685919603
|switch|p2a: Geilo - T|Landorus-Therian, M, shiny|100/100
|-damage|p2a: Geilo - T|88/100|[from] Stealth Rock
|-ability|p2a: Geilo - T|Intimidate|boost
|-unboost|p1a: Goodra|atk|1
|turn|14
|
|t:|1685919620
|-terastallize|p1a: Goodra|Flying
|move|p2a: Geilo - T|Stealth Rock|p1a: Goodra
|-sidestart|p1: Gregory Mirabella|move: Stealth Rock
|move|p1a: Goodra|Ice Beam|p2a: Geilo - T
|-supereffective|p2a: Geilo - T
|-damage|p2a: Geilo - T|0 fnt
|faint|p2a: Geilo - T
|
|-heal|p1a: Goodra|57/100|[from] item: Leftovers
|upkeep
|
|t:|1685919626
|switch|p2a: GeilGanarcal|Garganacl, F, shiny, tera:Ghost|65/100
|-damage|p2a: GeilGanarcal|52/100|[from] Stealth Rock
|turn|15
|
|t:|1685919635
|move|p1a: Goodra|Life Dew|p1a: Goodra
|-heal|p1a: Goodra|82/100
|move|p2a: GeilGanarcal|Recover|p2a: GeilGanarcal
|-heal|p2a: GeilGanarcal|100/100
|
|-heal|p1a: Goodra|88/100|[from] item: Leftovers
|upkeep
|turn|16
|c|☆Gregory Mirabella|gg
|-message|Gregory Mirabella forfeited.
|
|win|Omer Aha Aha
|raw|Gregory Mirabella's rating: 1318 → 1301(-17 for losing)
|raw|Omer Aha Aha's rating: 1372 → 1389(+17 for winning)
|l|☆Omer Aha Aha
