|j|☆sadvoid
|j|☆sicle
|t:|1685915406
|gametype|singles
|player|p1|sadvoid|unknownf|1339
|player|p2|sicle|101|1312
|teamsize|p1|6
|teamsize|p2|6
|gen|9
|tier|[Gen 9] OU
|rated|
|rule|Sleep Clause Mod: Limit one foe put to sleep
|rule|Species Clause: Limit one of each Pokémon
|rule|OHKO Clause: OHKO moves are banned
|rule|Evasion Items Clause: Evasion items are banned
|rule|Evasion Moves Clause: Evasion moves are banned
|rule|Endless Battle Clause: Forcing endless battles is banned
|rule|HP Percentage Mod: HP is shown in percentages
|clearpoke
|poke|p1|Torkoal, M|
|poke|p1|Walking Wake|
|poke|p1|Arcanine-Hisui, M|
|poke|p1|Landorus-Therian, M|
|poke|p1|Chien-Pao|
|poke|p1|Lilligant-Hisui, F|
|poke|p2|Pelipper, M|
|poke|p2|Floatzel, F|
|poke|p2|Azumarill, F|
|poke|p2|Golduck, M|
|poke|p2|Pawmot, M|
|poke|p2|Toedscruel, M|
|teampreview
|inactive|Battle timer is ON: inactive players will automatically lose when time's up. (requested by sicle)
|
|t:|1685915421
|start
|switch|p1a: Arcanine|Arcanine-Hisui, M|100/100
|switch|p2a: Seaking Duck|Golduck, M|100/100
|turn|1
|
|t:|1685915434
|switch|p2a: The Goat|Azumarill, F|100/100
|switch|p1a: Walking Wake|Walking Wake|100/100
|
|upkeep
|turn|2
|
|t:|1685915448
|-end|p1a: Walking Wake|Protosynthesis|[silent]
|switch|p1a: Torkoal|Torkoal, M|100/100
|-weather|SunnyDay|[from] ability: Drought|[of] p1a: Torkoal
|move|p2a: The Goat|Play Rough|p1a: Torkoal
|-resisted|p1a: Torkoal
|-damage|p1a: Torkoal|79/100
|
|-weather|SunnyDay|[upkeep]
|upkeep
|turn|3
|
|t:|1685915452
|move|p2a: The Goat|Liquidation|p1a: Torkoal
|-supereffective|p1a: Torkoal
|-damage|p1a: Torkoal|40/100
|move|p1a: Torkoal|Stealth Rock|p2a: The Goat
|-sidestart|p2: sicle|move: Stealth Rock
|
|-weather|SunnyDay|[upkeep]
|upkeep
|turn|4
|
|t:|1685915461
|switch|p2a: Ghoti carrier|Pelipper, M|100/100
|-damage|p2a: Ghoti carrier|76/100|[from] Stealth Rock
|-weather|RainDance|[from] ability: Drizzle|[of] p2a: Ghoti carrier
|move|p1a: Torkoal|Solar Beam||[still]
|-prepare|p1a: Torkoal|Solar Beam
|
|-weather|RainDance|[upkeep]
|upkeep
|turn|5
|
|t:|1685915465
|move|p2a: Ghoti carrier|U-turn|p1a: Torkoal
|-resisted|p1a: Torkoal
|-damage|p1a: Torkoal|37/100
|
|t:|1685915479
|switch|p2a: The Goat|Azumarill, F|100/100|[from] U-turn
|-damage|p2a: The Goat|88/100|[from] Stealth Rock
|move|p1a: Torkoal|Solar Beam|p2a: The Goat|[from]lockedmove
|-supereffective|p2a: The Goat
|-damage|p2a: The Goat|50/100
|-enditem|p2a: The Goat|Sitrus Berry|[eat]
|-heal|p2a: The Goat|75/100|[from] item: Sitrus Berry
|
|-weather|RainDance|[upkeep]
|upkeep
|turn|6
|
|t:|1685915492
|switch|p1a: Walking Wake|Walking Wake|100/100
|move|p2a: The Goat|Liquidation|p1a: Walking Wake
|-resisted|p1a: Walking Wake
|-damage|p1a: Walking Wake|77/100
|
|-weather|RainDance|[upkeep]
|upkeep
|turn|7
|
|t:|1685915504
|move|p1a: Walking Wake|Hurricane|p2a: The Goat
|-damage|p2a: The Goat|23/100
|move|p2a: The Goat|Play Rough|p1a: Walking Wake
|-supereffective|p1a: Walking Wake
|-damage|p1a: Walking Wake|0 fnt
|faint|p1a: Walking Wake
|-end|p1a: Walking Wake|Protosynthesis|[silent]
|
|-weather|RainDance|[upkeep]
|upkeep
|
|t:|1685915517
|switch|p1a: Lilligant|Lilligant-Hisui, F|100/100
|turn|8
|
|t:|1685915525
|switch|p2a: Ghoti carrier|Pelipper, M|76/100
|-damage|p2a: Ghoti carrier|51/100|[from] Stealth Rock
|move|p1a: Lilligant|Leaf Blade|p2a: Ghoti carrier
|-damage|p2a: Ghoti carrier|4/100
|
|-weather|RainDance|[upkeep]
|upkeep
|turn|9
|
|t:|1685915537
|switch|p2a: Spaghetti Memory|Toedscruel, M|100/100
|-damage|p2a: Spaghetti Memory|94/100|[from] Stealth Rock
|move|p1a: Lilligant|Leaf Blade|p2a: Spaghetti Memory
|-damage|p2a: Spaghetti Memory|10/100
|-damage|p1a: Lilligant|84/100|[from] item: Rocky Helmet|[of] p2a: Spaghetti Memory
|
|-weather|RainDance|[upkeep]
|upkeep
|turn|10
|
|t:|1685915547
|switch|p1a: Landorus|Landorus-Therian, M|100/100
|-ability|p1a: Landorus|Intimidate|boost
|-unboost|p2a: Spaghetti Memory|atk|1
|switch|p2a: The Goat|Azumarill, F|23/100
|-damage|p2a: The Goat|10/100|[from] Stealth Rock
|
|-weather|RainDance|[upkeep]
|upkeep
|turn|11
|
|t:|1685915566
|move|p2a: The Goat|Aqua Jet|p1a: Landorus
|-supereffective|p1a: Landorus
|-damage|p1a: Landorus|17/100
|move|p1a: Landorus|U-turn|p2a: The Goat
|-resisted|p2a: The Goat
|-damage|p2a: The Goat|0 fnt
|faint|p2a: The Goat
|inactive|sadvoid has 120 seconds left.
|
|t:|1685915594
|switch|p1a: Chien-Pao|Chien-Pao|100/100|[from] U-turn
|-ability|p1a: Chien-Pao|Sword of Ruin
|
|-weather|none
|upkeep
|
|t:|1685915597
|switch|p2a: Really want eject|Pawmot, M|100/100
|-damage|p2a: Really want eject|94/100|[from] Stealth Rock
|turn|12
|
|t:|1685915603
|move|p1a: Chien-Pao|Swords Dance|p1a: Chien-Pao
|-boost|p1a: Chien-Pao|atk|2
|move|p2a: Really want eject|Nuzzle|p1a: Chien-Pao
|-damage|p1a: Chien-Pao|90/100
|-status|p1a: Chien-Pao|par
|
|upkeep
|turn|13
|
|t:|1685915611
|move|p1a: Chien-Pao|Ice Shard|p2a: Really want eject
|-damage|p2a: Really want eject|22/100
|move|p2a: Really want eject|Close Combat|p1a: Chien-Pao
|-supereffective|p1a: Chien-Pao
|-damage|p1a: Chien-Pao|0 fnt
|-unboost|p2a: Really want eject|def|1
|-unboost|p2a: Really want eject|spd|1
|faint|p1a: Chien-Pao
|
|upkeep
|
|t:|1685915616
|switch|p1a: Landorus|Landorus-Therian, M|17/100
|-ability|p1a: Landorus|Intimidate|boost
|-unboost|p2a: Really want eject|atk|1
|turn|14
|
|t:|1685915620
|move|p1a: Landorus|U-turn|p2a: Really want eject
|-resisted|p2a: Really want eject
|-damage|p2a: Really want eject|0 fnt
|faint|p2a: Really want eject
|
|t:|1685915628
|switch|p1a: Arcanine|Arcanine-Hisui, M|100/100|[from] U-turn
|
|upkeep
|
|t:|1685915636
|switch|p2a: BandedSkeda|Floatzel, F|100/100
|-damage|p2a: BandedSkeda|88/100|[from] Stealth Rock
|turn|15
|
|t:|1685915651
|switch|p1a: Landorus|Landorus-Therian, M|17/100
|-ability|p1a: Landorus|Intimidate|boost
|-unboost|p2a: BandedSkeda|atk|1
|-terastallize|p2a: BandedSkeda|Water
|move|p2a: BandedSkeda|Aqua Jet|p1a: Landorus
|-supereffective|p1a: Landorus
|-damage|p1a: Landorus|0 fnt
|faint|p1a: Landorus
|
|upkeep
|
|t:|1685915665
|switch|p1a: Lilligant|Lilligant-Hisui, F|84/100
|turn|16
|
|t:|1685915676
|switch|p2a: Seaking Duck|Golduck, M|100/100
|-damage|p2a: Seaking Duck|88/100|[from] Stealth Rock
|move|p1a: Lilligant|Leaf Blade|p2a: Seaking Duck
|-supereffective|p2a: Seaking Duck
|-damage|p2a: Seaking Duck|0 fnt
|faint|p2a: Seaking Duck
|
|upkeep
|
|t:|1685915689
|switch|p2a: Spaghetti Memory|Toedscruel, M|10/100
|-damage|p2a: Spaghetti Memory|4/100|[from] Stealth Rock
|turn|17
|
|t:|1685915702
|switch|p1a: Arcanine|Arcanine-Hisui, M|100/100
|move|p2a: Spaghetti Memory|Rapid Spin|p1a: Arcanine
|-resisted|p1a: Arcanine
|-damage|p1a: Arcanine|96/100
|-boost|p2a: Spaghetti Memory|spe|1
|-sideend|p2: sicle|Stealth Rock|[from] move: Rapid Spin|[of] p2a: Spaghetti Memory
|
|upkeep
|turn|18
|
|t:|1685915715
|-terastallize|p1a: Arcanine|Rock
|move|p1a: Arcanine|Close Combat|p2a: Spaghetti Memory
|-damage|p2a: Spaghetti Memory|0 fnt
|-unboost|p1a: Arcanine|def|1
|-unboost|p1a: Arcanine|spd|1
|-damage|p1a: Arcanine|79/100|[from] item: Rocky Helmet|[of] p2a: Spaghetti Memory
|faint|p2a: Spaghetti Memory
|
|upkeep
|
|t:|1685915722
|switch|p2a: BandedSkeda|Floatzel, F, tera:Water|88/100
|turn|19
|
|t:|1685915725
|move|p2a: BandedSkeda|Aqua Jet|p1a: Arcanine
|-supereffective|p1a: Arcanine
|-crit|p1a: Arcanine
|-damage|p1a: Arcanine|0 fnt
|faint|p1a: Arcanine
|
|upkeep
|
|t:|1685915728
|switch|p1a: Lilligant|Lilligant-Hisui, F|84/100
|turn|20
|
|t:|1685915730
|switch|p2a: Ghoti carrier|Pelipper, M|4/100
|-weather|RainDance|[from] ability: Drizzle|[of] p2a: Ghoti carrier
|move|p1a: Lilligant|Leaf Blade|p2a: Ghoti carrier
|-damage|p2a: Ghoti carrier|0 fnt
|faint|p2a: Ghoti carrier
|
|-weather|RainDance|[upkeep]
|upkeep
|
|t:|1685915736
|switch|p2a: BandedSkeda|Floatzel, F, tera:Water|88/100
|turn|21
|
|t:|1685915741
|switch|p1a: Torkoal|Torkoal, M|37/100
|-weather|SunnyDay|[from] ability: Drought|[of] p1a: Torkoal
|move|p2a: BandedSkeda|Aqua Jet|p1a: Torkoal
|-supereffective|p1a: Torkoal
|-damage|p1a: Torkoal|7/100
|
|-weather|SunnyDay|[upkeep]
|upkeep
|turn|22
|
|t:|1685915745
|move|p2a: BandedSkeda|Aqua Jet|p1a: Torkoal
|-supereffective|p1a: Torkoal
|-damage|p1a: Torkoal|0 fnt
|faint|p1a: Torkoal
|
|-weather|SunnyDay|[upkeep]
|upkeep
|
|t:|1685915747
|switch|p1a: Lilligant|Lilligant-Hisui, F|84/100
|turn|23
|
|t:|1685915749
|move|p2a: BandedSkeda|Aqua Jet|p1a: Lilligant
|-resisted|p1a: Lilligant
|-damage|p1a: Lilligant|68/100
|move|p1a: Lilligant|Solar Blade||[still]
|-prepare|p1a: Lilligant|Solar Blade
|-anim|p1a: Lilligant|Solar Blade|p2a: BandedSkeda
|-supereffective|p2a: BandedSkeda
|-damage|p2a: BandedSkeda|0 fnt
|faint|p2a: BandedSkeda
|
|win|sadvoid
|raw|sadvoid's rating: 1339 → 1357(+18 for winning)
|raw|sicle's rating: 1312 → 1294(-18 for losing)
|l|☆sicle
