|j|☆Dr. Drake6782
|j|☆nadaplease
|t:|1685860128
|gametype|singles
|player|p1|Dr. Drake6782|hilbert-masters|1668
|player|p2|nadaplease|depotagent|1538
|teamsize|p1|6
|teamsize|p2|6
|gen|9
|tier|[Gen 9] OU
|rated|
|rule|Sleep Clause Mod: Limit one foe put to sleep
|rule|Species Clause: Limit one of each Pokémon
|rule|OHKO Clause: OHKO moves are banned
|rule|Evasion Items Clause: Evasion items are banned
|rule|Evasion Moves Clause: Evasion moves are banned
|rule|Endless Battle Clause: Forcing endless battles is banned
|rule|HP Percentage Mod: HP is shown in percentages
|clearpoke
|poke|p1|Samurott-Hisui, M|
|poke|p1|Dragapult, F|
|poke|p1|Sneasler, F|
|poke|p1|Magearna|
|poke|p1|Volcarona, M|
|poke|p1|Zamazenta-*|
|poke|p2|Overqwil, M|
|poke|p2|Pelipper, M|
|poke|p2|Basculegion-F, F|
|poke|p2|Clodsire, M|
|poke|p2|Magearna|
|poke|p2|Zapdos|
|teampreview
|inactive|Battle timer is ON: inactive players will automatically lose when time's up. (requested by Dr. Drake6782)
|j| antcc
|
|t:|1685860144
|start
|switch|p1a: Samurott|Samurott-Hisui, M, shiny|100/100
|switch|p2a: Magearna|Magearna|100/100
|turn|1
|j| akakakp
|
|t:|1685860170
|move|p1a: Samurott|Taunt|p2a: Magearna
|-start|p2a: Magearna|move: Taunt
|move|p2a: Magearna|Volt Switch|p1a: Samurott
|-supereffective|p1a: Samurott
|-damage|p1a: Samurott|41/100
|
|t:|1685860179
|switch|p2a: Zapdos|Zapdos|100/100|[from] Volt Switch
|
|upkeep
|turn|2
|
|t:|1685860183
|move|p2a: Zapdos|Volt Switch|p1a: Samurott
|-supereffective|p1a: Samurott
|-damage|p1a: Samurott|0 fnt
|faint|p1a: Samurott
|c|☆Dr. Drake6782|ok
|
|t:|1685860188
|switch|p2a: Pelipper|Pelipper, M|100/100|[from] Volt Switch
|-weather|RainDance|[from] ability: Drizzle|[of] p2a: Pelipper
|
|-weather|RainDance|[upkeep]
|upkeep
|c|☆Dr. Drake6782|that was dumb
|c|☆Dr. Drake6782|by me
|
|t:|1685860195
|switch|p1a: Dragapult|Dragapult, F|100/100
|turn|3
|
|t:|1685860200
|switch|p2a: Clodsire|Clodsire, M|100/100
|move|p1a: Dragapult|Reflect|p1a: Dragapult
|-sidestart|p1: Dr. Drake6782|Reflect
|
|-weather|RainDance|[upkeep]
|upkeep
|turn|4
|
|t:|1685860207
|move|p1a: Dragapult|Light Screen|p1a: Dragapult
|-sidestart|p1: Dr. Drake6782|move: Light Screen
|move|p2a: Clodsire|Toxic|p1a: Dragapult
|-status|p1a: Dragapult|tox
|
|-weather|RainDance|[upkeep]
|-damage|p1a: Dragapult|94/100 tox|[from] psn
|upkeep
|turn|5
|j| plantfarmer
|
|t:|1685860212
|switch|p2a: Overqwil|Overqwil, M|100/100
|move|p1a: Dragapult|U-turn|p2a: Overqwil
|-damage|p2a: Overqwil|80/100
|
|t:|1685860216
|switch|p1a: Magearna|Magearna|100/100|[from] U-turn
|
|-weather|RainDance|[upkeep]
|upkeep
|turn|6
|
|t:|1685860220
|move|p2a: Overqwil|Taunt|p1a: Magearna
|-start|p1a: Magearna|move: Taunt
|cant|p1a: Magearna|move: Taunt|Iron Defense
|
|-weather|RainDance|[upkeep]
|upkeep
|turn|7
|
|t:|1685860229
|switch|p2a: Zapdos|Zapdos|100/100
|move|p1a: Magearna|Draining Kiss|p2a: Zapdos
|-damage|p2a: Zapdos|75/100
|
|-weather|RainDance|[upkeep]
|upkeep
|turn|8
|l| plantfarmer
|c|☆nadaplease|i know im running it too but
|inactive|Dr. Drake6782 has 120 seconds left.
|c|☆nadaplease|i cant wait for gear to get banned lol
|c|☆Dr. Drake6782|lol
|
|t:|1685860286
|switch|p1a: Volcarona|Volcarona, M, shiny|100/100
|move|p2a: Zapdos|Thunder|p1a: Volcarona
|-damage|p1a: Volcarona|54/100
|
|-weather|RainDance|[upkeep]
|upkeep
|turn|9
|c| akakakp|this weeekend council is voting
|c|☆Dr. Drake6782|same
|c| akakakp|hopefully by monday
|c|☆Dr. Drake6782|es
|c|☆Dr. Drake6782|I want zam to stay
|
|t:|1685860304
|move|p2a: Zapdos|Thunder|p1a: Volcarona
|-damage|p1a: Volcarona|9/100
|move|p1a: Volcarona|Quiver Dance|p1a: Volcarona
|-boost|p1a: Volcarona|spa|1
|-boost|p1a: Volcarona|spd|1
|-boost|p1a: Volcarona|spe|1
|
|-weather|none
|upkeep
|turn|10
|c|☆Dr. Drake6782|zam deserves it
|c|☆Dr. Drake6782|its useless in ubers\
|
|t:|1685860315
|switch|p2a: Pelipper|Pelipper, M|100/100
|-weather|RainDance|[from] ability: Drizzle|[of] p2a: Pelipper
|move|p1a: Volcarona|Fiery Dance|p2a: Pelipper
|-resisted|p2a: Pelipper
|-damage|p2a: Pelipper|79/100
|
|-weather|RainDance|[upkeep]
|-sideend|p1: Dr. Drake6782|Reflect
|upkeep
|turn|11
|
|t:|1685860323
|switch|p2a: Clodsire|Clodsire, M|100/100
|move|p1a: Volcarona|Giga Drain|p2a: Clodsire
|-damage|p2a: Clodsire|79/100
|-heal|p1a: Volcarona|25/100|[from] drain|[of] p2a: Clodsire
|
|-weather|RainDance|[upkeep]
|-heal|p2a: Clodsire|85/100|[from] item: Leftovers
|-sideend|p1: Dr. Drake6782|move: Light Screen
|upkeep
|turn|12
|inactive|Dr. Drake6782 has 120 seconds left.
|
|t:|1685860333
|switch|p1a: Sneasler|Sneasler, F|100/100
|-item|p1a: Sneasler|Air Balloon
|move|p2a: Clodsire|Earthquake|p1a: Sneasler
|-immune|p1a: Sneasler
|
|-weather|RainDance|[upkeep]
|-heal|p2a: Clodsire|91/100|[from] item: Leftovers
|upkeep
|turn|13
|
|t:|1685860342
|switch|p1a: Dragapult|Dragapult, F|94/100 tox
|switch|p2a: Magearna|Magearna|100/100
|
|-weather|RainDance|[upkeep]
|-damage|p1a: Dragapult|88/100 tox|[from] psn
|upkeep
|turn|14
|
|t:|1685860346
|move|p1a: Dragapult|Light Screen|p1a: Dragapult
|-sidestart|p1: Dr. Drake6782|move: Light Screen
|move|p2a: Magearna|Spikes|p1a: Dragapult
|-sidestart|p1: Dr. Drake6782|Spikes
|
|-weather|RainDance|[upkeep]
|-damage|p1a: Dragapult|76/100 tox|[from] psn
|upkeep
|turn|15
|
|t:|1685860349
|move|p1a: Dragapult|Reflect|p1a: Dragapult
|-sidestart|p1: Dr. Drake6782|Reflect
|move|p2a: Magearna|Volt Switch|p1a: Dragapult
|-resisted|p1a: Dragapult
|-damage|p1a: Dragapult|70/100 tox
|c|☆Dr. Drake6782|bombastic side eye
|
|t:|1685860356
|switch|p2a: Basculegion|Basculegion-F, F|100/100|[from] Volt Switch
|
|-weather|RainDance|[upkeep]
|-damage|p1a: Dragapult|52/100 tox|[from] psn
|upkeep
|turn|16
|c|☆Dr. Drake6782|criminal offense side eye
|
|t:|1685860362
|move|p2a: Basculegion|Shadow Ball|p1a: Dragapult
|-supereffective|p1a: Dragapult
|-damage|p1a: Dragapult|0 fnt
|faint|p1a: Dragapult
|
|-weather|RainDance|[upkeep]
|upkeep
|
|t:|1685860365
|switch|p1a: Sneasler|Sneasler, F|100/100
|-item|p1a: Sneasler|Air Balloon
|turn|17
|
|t:|1685860371
|move|p2a: Basculegion|Shadow Ball|p1a: Sneasler
|-damage|p1a: Sneasler|67/100
|-unboost|p1a: Sneasler|spd|1
|-enditem|p1a: Sneasler|Air Balloon
|move|p1a: Sneasler|Swords Dance|p1a: Sneasler
|-boost|p1a: Sneasler|atk|2
|
|-weather|none
|upkeep
|turn|18
|inactive|Dr. Drake6782 has 120 seconds left.
|
|t:|1685860414
|switch|p2a: Magearna|Magearna|100/100
|move|p1a: Sneasler|Acrobatics|p2a: Magearna
|-resisted|p2a: Magearna
|-damage|p2a: Magearna|75/100
|
|-heal|p2a: Magearna|82/100|[from] item: Leftovers
|upkeep
|turn|19
|
|t:|1685860440
|switch|p2a: Pelipper|Pelipper, M|79/100
|-weather|RainDance|[from] ability: Drizzle|[of] p2a: Pelipper
|move|p1a: Sneasler|Close Combat|p2a: Pelipper
|-resisted|p2a: Pelipper
|-damage|p2a: Pelipper|24/100
|-unboost|p1a: Sneasler|def|1
|-unboost|p1a: Sneasler|spd|1
|
|-weather|RainDance|[upkeep]
|upkeep
|turn|20
|inactive|Dr. Drake6782 has 120 seconds left.
|inactive|nadaplease has 120 seconds left.
|
|t:|1685860466
|move|p1a: Sneasler|Dire Claw|p2a: Pelipper
|-damage|p2a: Pelipper|0 fnt
|faint|p2a: Pelipper
|
|-weather|RainDance|[upkeep]
|upkeep
|
|t:|1685860468
|switch|p2a: Basculegion|Basculegion-F, F|100/100
|turn|21
|inactive|nadaplease has 120 seconds left.
|inactive|Dr. Drake6782 has 120 seconds left.
|
|t:|1685860480
|-terastallize|p2a: Basculegion|Water
|move|p1a: Sneasler|Acrobatics|p2a: Basculegion
|-damage|p2a: Basculegion|0 fnt
|faint|p2a: Basculegion
|
|-weather|RainDance|[upkeep]
|-sideend|p1: Dr. Drake6782|move: Light Screen
|upkeep
|c|☆nadaplease|FUCK
|c|☆nadaplease|im so ass
|
|t:|1685860489
|switch|p2a: Magearna|Magearna|82/100
|turn|22
|c|☆Dr. Drake6782|unburden
|
|t:|1685860494
|move|p1a: Sneasler|Close Combat|p2a: Magearna
|-damage|p2a: Magearna|0 fnt
|-unboost|p1a: Sneasler|def|1
|-unboost|p1a: Sneasler|spd|1
|faint|p2a: Magearna
|
|-weather|RainDance|[upkeep]
|-sideend|p1: Dr. Drake6782|Reflect
|upkeep
|c|☆nadaplease|yeah i forgot
|inactive|nadaplease has 120 seconds left.
|
|t:|1685860505
|switch|p2a: Zapdos|Zapdos|75/100
|turn|23
|c|☆nadaplease|gg dawg
|
|t:|1685860514
|move|p1a: Sneasler|Dire Claw|p2a: Zapdos
|-damage|p2a: Zapdos|0 fnt
|faint|p2a: Zapdos
|
|-weather|RainDance|[upkeep]
|upkeep
|c|☆Dr. Drake6782|ggs
|-message|nadaplease forfeited.
|
|win|Dr. Drake6782
|raw|Dr. Drake6782's rating: 1668 → 1681(+13 for winning)
|raw|nadaplease's rating: 1538 → 1525(-13 for losing)
|l|☆nadaplease
|l| antcc
