|j|☆JesusWalks444
|j|☆LowELOtest
|t:|1685860261
|gametype|singles
|player|p1|JesusWalks444|gentleman-gen4dp|1454
|player|p2|LowELOtest|misty|1477
|teamsize|p1|6
|teamsize|p2|6
|gen|9
|tier|[Gen 9] OU
|rated|
|rule|Sleep Clause Mod: Limit one foe put to sleep
|rule|Species Clause: Limit one of each Pokémon
|rule|OHKO Clause: OHKO moves are banned
|rule|Evasion Items Clause: Evasion items are banned
|rule|Evasion Moves Clause: Evasion moves are banned
|rule|Endless Battle Clause: Forcing endless battles is banned
|rule|HP Percentage Mod: HP is shown in percentages
|clearpoke
|poke|p1|Muk-Alola, M|
|poke|p1|Landorus-Therian, M|
|poke|p1|Regidrago|
|poke|p1|Volcanion|
|poke|p1|Corviknight, F|
|poke|p1|Breloom, F|
|poke|p2|Kleavor, F|
|poke|p2|Pelipper, F|
|poke|p2|Basculegion, M|
|poke|p2|Iron Treads|
|poke|p2|Rabsca, F|
|poke|p2|Dragonite, F|
|teampreview
|inactive|Battle timer is ON: inactive players will automatically lose when time's up. (requested by LowELOtest)
|c|☆LowELOtest|Glhf
|
|t:|1685860278
|start
|switch|p1a: Muk|Muk-Alola, M, shiny|100/100
|switch|p2a: Pelipper|Pelipper, F|100/100
|-weather|RainDance|[from] ability: Drizzle|[of] p2a: Pelipper
|turn|1
|
|t:|1685860287
|move|p2a: Pelipper|U-turn|p1a: Muk
|-damage|p1a: Muk|92/100
|
|t:|1685860292
|switch|p2a: Iron Treads|Iron Treads|100/100|[from] U-turn
|move|p1a: Muk|Knock Off|p2a: Iron Treads
|-damage|p2a: Iron Treads|55/100
|-enditem|p2a: Iron Treads|Assault Vest|[from] move: Knock Off|[of] p1a: Muk
|
|-weather|RainDance|[upkeep]
|upkeep
|turn|2
|
|t:|1685860298
|move|p2a: Iron Treads|Ice Spinner|p1a: Muk
|-damage|p1a: Muk|65/100
|move|p1a: Muk|Drain Punch|p2a: Iron Treads
|-supereffective|p2a: Iron Treads
|-damage|p2a: Iron Treads|9/100
|-heal|p1a: Muk|83/100|[from] drain|[of] p2a: Iron Treads
|
|-weather|RainDance|[upkeep]
|upkeep
|turn|3
|
|t:|1685860305
|switch|p1a: Corviknight|Corviknight, F|100/100
|-ability|p1a: Corviknight|Pressure
|move|p2a: Iron Treads|Earthquake|p1a: Corviknight
|-immune|p1a: Corviknight
|
|-weather|RainDance|[upkeep]
|upkeep
|turn|4
|
|t:|1685860311
|move|p2a: Iron Treads|Ice Spinner|p1a: Corviknight
|-damage|p1a: Corviknight|83/100
|-damage|p2a: Iron Treads|0 fnt|[from] item: Rocky Helmet|[of] p1a: Corviknight
|faint|p2a: Iron Treads
|-end|p2a: Iron Treads|Quark Drive|[silent]
|move|p1a: Corviknight|Body Press|p2: Iron Treads|[notarget]
|-fail|p1a: Corviknight
|
|-weather|RainDance|[upkeep]
|upkeep
|
|t:|1685860313
|switch|p2a: Basculegion|Basculegion, M|100/100
|turn|5
|
|t:|1685860320
|switch|p1a: Volcanion|Volcanion|100/100
|-terastallize|p2a: Basculegion|Water
|move|p2a: Basculegion|Wave Crash|p1a: Volcanion
|-immune|p1a: Volcanion|[from] ability: Water Absorb
|
|-weather|RainDance|[upkeep]
|upkeep
|turn|6
|
|t:|1685860326
|switch|p2a: Kleavor|Kleavor, F|100/100
|move|p1a: Volcanion|Steam Eruption|p2a: Kleavor
|-supereffective|p2a: Kleavor
|-enditem|p2a: Kleavor|Focus Sash
|-damage|p2a: Kleavor|1/100
|
|-weather|RainDance|[upkeep]
|upkeep
|turn|7
|
|t:|1685860330
|switch|p1a: Corviknight|Corviknight, F|83/100
|-ability|p1a: Corviknight|Pressure
|move|p2a: Kleavor|Stone Axe|p1a: Corviknight
|-damage|p1a: Corviknight|53/100
|-sidestart|p1: JesusWalks444|move: Stealth Rock
|-damage|p2a: Kleavor|0 fnt|[from] item: Rocky Helmet|[of] p1a: Corviknight
|faint|p2a: Kleavor
|
|-weather|RainDance|[upkeep]
|upkeep
|
|t:|1685860333
|switch|p2a: Dragonite|Dragonite, F|100/100
|turn|8
|
|t:|1685860335
|move|p2a: Dragonite|Thunder|p1a: Corviknight
|-supereffective|p1a: Corviknight
|-damage|p1a: Corviknight|0 fnt
|faint|p1a: Corviknight
|
|-weather|none
|upkeep
|
|t:|1685860338
|switch|p1a: Muk|Muk-Alola, M, shiny|83/100
|-damage|p1a: Muk|71/100|[from] Stealth Rock
|turn|9
|
|t:|1685860346
|switch|p2a: Pelipper|Pelipper, F|100/100
|-weather|RainDance|[from] ability: Drizzle|[of] p2a: Pelipper
|move|p1a: Muk|Knock Off|p2a: Pelipper
|-crit|p2a: Pelipper
|-damage|p2a: Pelipper|41/100
|-enditem|p2a: Pelipper|Damp Rock|[from] move: Knock Off|[of] p1a: Muk
|
|-weather|RainDance|[upkeep]
|upkeep
|turn|10
|
|t:|1685860352
|move|p2a: Pelipper|Hurricane|p1a: Muk
|-damage|p1a: Muk|50/100
|-start|p1a: Muk|confusion
|-activate|p1a: Muk|confusion
|-damage|p1a: Muk|36/100|[from] confusion
|
|-weather|RainDance|[upkeep]
|upkeep
|turn|11
|
|t:|1685860359
|move|p2a: Pelipper|Roost|p2a: Pelipper
|-heal|p2a: Pelipper|91/100
|-singleturn|p2a: Pelipper|move: Roost
|-activate|p1a: Muk|confusion
|-damage|p1a: Muk|22/100|[from] confusion
|
|-weather|RainDance|[upkeep]
|upkeep
|turn|12
|
|t:|1685860361
|move|p2a: Pelipper|Hurricane|p1a: Muk
|-damage|p1a: Muk|1/100
|-activate|p1a: Muk|confusion
|move|p1a: Muk|Crunch|p2a: Pelipper
|-damage|p2a: Pelipper|58/100
|-status|p2a: Pelipper|psn|[from] ability: Poison Touch|[of] p1a: Muk
|
|-weather|RainDance|[upkeep]
|-damage|p2a: Pelipper|46/100 psn|[from] psn
|upkeep
|turn|13
|
|t:|1685860367
|move|p2a: Pelipper|Roost|p2a: Pelipper
|-heal|p2a: Pelipper|96/100 psn
|-singleturn|p2a: Pelipper|move: Roost
|-activate|p1a: Muk|confusion
|move|p1a: Muk|Knock Off|p2a: Pelipper
|-damage|p2a: Pelipper|72/100 psn
|
|-weather|RainDance|[upkeep]
|-damage|p2a: Pelipper|59/100 psn|[from] psn
|upkeep
|turn|14
|
|t:|1685860377
|move|p2a: Pelipper|U-turn|p1a: Muk
|-damage|p1a: Muk|0 fnt
|faint|p1a: Muk
|
|t:|1685860380
|switch|p2a: Rabsca|Rabsca, F|100/100|[from] U-turn
|
|-weather|RainDance|[upkeep]
|upkeep
|
|t:|1685860385
|switch|p1a: Regidrago|Regidrago|100/100
|-damage|p1a: Regidrago|88/100|[from] Stealth Rock
|turn|15
|
|t:|1685860394
|-terastallize|p1a: Regidrago|Dragon
|move|p1a: Regidrago|Dragon Energy|p2a: Rabsca
|-enditem|p2a: Rabsca|Focus Sash
|-damage|p2a: Rabsca|1/100
|move|p2a: Rabsca|Trick Room|p2a: Rabsca
|-fieldstart|move: Trick Room|[of] p2a: Rabsca
|
|-weather|RainDance|[upkeep]
|upkeep
|turn|16
|
|t:|1685860406
|move|p2a: Rabsca|Revival Blessing|p2a: Rabsca
|
|t:|1685860420
|-heal|p2: Iron Treads|50/100|[from] move: Revival Blessing
|move|p1a: Regidrago|Dragon Energy|p2a: Rabsca
|-damage|p2a: Rabsca|0 fnt
|faint|p2a: Rabsca
|
|-weather|none
|upkeep
|
|t:|1685860430
|switch|p2a: Pelipper|Pelipper, F|59/100 psn
|-weather|RainDance|[from] ability: Drizzle|[of] p2a: Pelipper
|turn|17
|
|t:|1685860436
|switch|p1a: Volcanion|Volcanion|100/100
|-damage|p1a: Volcanion|76/100|[from] Stealth Rock
|move|p2a: Pelipper|Hurricane|p1a: Volcanion
|-damage|p1a: Volcanion|37/100
|
|-weather|RainDance|[upkeep]
|-damage|p2a: Pelipper|47/100 psn|[from] psn
|upkeep
|turn|18
|
|t:|1685860441
|move|p2a: Pelipper|Hurricane|p1a: Volcanion
|-damage|p1a: Volcanion|0 fnt
|faint|p1a: Volcanion
|
|-weather|RainDance|[upkeep]
|-damage|p2a: Pelipper|35/100 psn|[from] psn
|upkeep
|
|t:|1685860451
|switch|p1a: Landorus|Landorus-Therian, M|100/100
|-damage|p1a: Landorus|88/100|[from] Stealth Rock
|-ability|p1a: Landorus|Intimidate|boost
|-unboost|p2a: Pelipper|atk|1
|turn|19
|
|t:|1685860460
|move|p2a: Pelipper|Hurricane|p1a: Landorus
|-crit|p1a: Landorus
|-damage|p1a: Landorus|15/100
|move|p1a: Landorus|Stealth Rock|p2a: Pelipper
|-sidestart|p2: LowELOtest|move: Stealth Rock
|
|-weather|RainDance|[upkeep]
|-heal|p1a: Landorus|21/100|[from] item: Leftovers
|-damage|p2a: Pelipper|22/100 psn|[from] psn
|-fieldend|move: Trick Room
|upkeep
|turn|20
|
|t:|1685860465
|move|p1a: Landorus|Stone Edge|p2a: Pelipper|[miss]
|-miss|p1a: Landorus|p2a: Pelipper
|move|p2a: Pelipper|Hurricane|p1a: Landorus
|-crit|p1a: Landorus
|-damage|p1a: Landorus|0 fnt
|faint|p1a: Landorus
|
|-weather|RainDance|[upkeep]
|-damage|p2a: Pelipper|10/100 psn|[from] psn
|upkeep
|
|t:|1685860469
|switch|p1a: Regidrago|Regidrago, tera:Dragon|88/100
|-damage|p1a: Regidrago|76/100|[from] Stealth Rock
|turn|21
|
|t:|1685860472
|move|p1a: Regidrago|Dragon Energy|p2a: Pelipper
|-damage|p2a: Pelipper|0 fnt
|faint|p2a: Pelipper
|
|-weather|none
|upkeep
|
|t:|1685860493
|switch|p2a: Iron Treads|Iron Treads|50/100
|-damage|p2a: Iron Treads|47/100|[from] Stealth Rock
|turn|22
|
|t:|1685860505
|move|p1a: Regidrago|Dragon Energy|p2a: Iron Treads
|-resisted|p2a: Iron Treads
|-damage|p2a: Iron Treads|0 fnt
|faint|p2a: Iron Treads
|-end|p2a: Iron Treads|Quark Drive|[silent]
|
|upkeep
|inactive|LowELOtest has 120 seconds left.
|c|☆LowELOtest|Ohh you knocked off the damp rock
|c|☆LowELOtest|I was so confused
|
|t:|1685860552
|switch|p2a: Basculegion|Basculegion, M, tera:Water|100/100
|-damage|p2a: Basculegion|88/100|[from] Stealth Rock
|turn|23
|
|t:|1685860555
|move|p2a: Basculegion|Aqua Jet|p1a: Regidrago
|-resisted|p1a: Regidrago
|-damage|p1a: Regidrago|52/100
|move|p1a: Regidrago|Dragon Energy|p2a: Basculegion
|-damage|p2a: Basculegion|15/100
|
|upkeep
|turn|24
|
|t:|1685860559
|move|p2a: Basculegion|Aqua Jet|p1a: Regidrago
|-resisted|p1a: Regidrago
|-damage|p1a: Regidrago|28/100
|move|p1a: Regidrago|Dragon Energy|p2a: Basculegion
|-damage|p2a: Basculegion|0 fnt
|faint|p2a: Basculegion
|
|upkeep
|
|t:|1685860560
|switch|p2a: Dragonite|Dragonite, F|100/100
|turn|25
|
|t:|1685860563
|move|p2a: Dragonite|Extreme Speed|p1a: Regidrago
|-damage|p1a: Regidrago|0 fnt
|faint|p1a: Regidrago
|
|upkeep
|
|t:|1685860565
|switch|p1a: Breloom|Breloom, F, shiny|100/100
|-damage|p1a: Breloom|94/100|[from] Stealth Rock
|turn|26
|
|t:|1685860570
|move|p1a: Breloom|Spore|p2a: Dragonite
|-status|p2a: Dragonite|slp|[from] move: Spore
|cant|p2a: Dragonite|slp
|
|upkeep
|turn|27
|
|t:|1685860572
|move|p1a: Breloom|Bullet Seed|p2a: Dragonite
|-resisted|p2a: Dragonite
|-damage|p2a: Dragonite|98/100 slp
|-resisted|p2a: Dragonite
|-damage|p2a: Dragonite|92/100 slp
|-resisted|p2a: Dragonite
|-damage|p2a: Dragonite|87/100 slp
|-hitcount|p2a: Dragonite|3
|-curestatus|p2a: Dragonite|slp|[msg]
|move|p2a: Dragonite|Hurricane|p1a: Breloom|[miss]
|-miss|p2a: Dragonite|p1a: Breloom
|
|upkeep
|turn|28
|
|t:|1685860580
|move|p1a: Breloom|Spore|p2a: Dragonite
|-status|p2a: Dragonite|slp|[from] move: Spore
|cant|p2a: Dragonite|slp
|
|upkeep
|turn|29
|
|t:|1685860583
|move|p1a: Breloom|Bullet Seed|p2a: Dragonite
|-resisted|p2a: Dragonite
|-damage|p2a: Dragonite|82/100 slp
|-resisted|p2a: Dragonite
|-damage|p2a: Dragonite|77/100 slp
|-resisted|p2a: Dragonite
|-damage|p2a: Dragonite|71/100 slp
|-hitcount|p2a: Dragonite|3
|cant|p2a: Dragonite|slp
|
|upkeep
|turn|30
|
|t:|1685860587
|move|p1a: Breloom|Bullet Seed|p2a: Dragonite
|-resisted|p2a: Dragonite
|-damage|p2a: Dragonite|66/100 slp
|-resisted|p2a: Dragonite
|-damage|p2a: Dragonite|61/100 slp
|-resisted|p2a: Dragonite
|-damage|p2a: Dragonite|56/100 slp
|-resisted|p2a: Dragonite
|-damage|p2a: Dragonite|51/100 slp
|-resisted|p2a: Dragonite
|-damage|p2a: Dragonite|45/100 slp
|-hitcount|p2a: Dragonite|5
|cant|p2a: Dragonite|slp
|
|upkeep
|turn|31
|
|t:|1685860590
|move|p1a: Breloom|Close Combat|p2a: Dragonite
|-resisted|p2a: Dragonite
|-damage|p2a: Dragonite|10/100 slp
|-unboost|p1a: Breloom|def|1
|-unboost|p1a: Breloom|spd|1
|-curestatus|p2a: Dragonite|slp|[msg]
|move|p2a: Dragonite|Hurricane|p1a: Breloom
|-supereffective|p1a: Breloom
|-damage|p1a: Breloom|0 fnt
|faint|p1a: Breloom
|
|win|LowELOtest
|raw|JesusWalks444's rating: 1454 → 1435(-19 for losing)
|raw|LowELOtest's rating: 1477 → 1496(+19 for winning)
|l|☆JesusWalks444
|c|☆LowELOtest|Ggwp
