|j|☆Sr.Haruno
|j|☆treegirly
|t:|1685841607
|gametype|singles
|player|p1|Sr.Haruno|hilbert|1255
|player|p2|treegirly|caitlin|1243
|teamsize|p1|6
|teamsize|p2|6
|gen|9
|tier|[Gen 9] OU
|rated|
|rule|Sleep Clause Mod: Limit one foe put to sleep
|rule|Species Clause: Limit one of each Pokémon
|rule|OHKO Clause: OHKO moves are banned
|rule|Evasion Items Clause: Evasion items are banned
|rule|Evasion Moves Clause: Evasion moves are banned
|rule|Endless Battle Clause: Forcing endless battles is banned
|rule|HP Percentage Mod: HP is shown in percentages
|clearpoke
|poke|p1|Glimmora, F|
|poke|p1|Great Tusk|
|poke|p1|Gholdengo|
|poke|p1|Kingambit, M|
|poke|p1|Iron Valiant|
|poke|p1|Roaring Moon|
|poke|p2|Typhlosion-Hisui, M|
|poke|p2|Dragapult, M|
|poke|p2|Magearna|
|poke|p2|Urshifu-*, M|
|poke|p2|Zapdos|
|poke|p2|Great Tusk|
|teampreview
|inactive|Battle timer is ON: inactive players will automatically lose when time's up. (requested by Sr.Haruno)
|
|t:|1685841624
|start
|switch|p1a: Roaring Moon|Roaring Moon|100/100
|switch|p2a: Zapdos|Zapdos|100/100
|-enditem|p1a: Roaring Moon|Booster Energy
|-activate|p1a: Roaring Moon|ability: Protosynthesis|[fromitem]
|-start|p1a: Roaring Moon|protosynthesisatk
|turn|1
|
|t:|1685841648
|move|p1a: Roaring Moon|Dragon Dance|p1a: Roaring Moon
|-boost|p1a: Roaring Moon|atk|1
|-boost|p1a: Roaring Moon|spe|1
|move|p2a: Zapdos|Volt Switch|p1a: Roaring Moon
|-resisted|p1a: Roaring Moon
|-damage|p1a: Roaring Moon|88/100
|inactive|treegirly has 120 seconds left.
|
|t:|1685841664
|switch|p2a: Urshifu|Urshifu-Rapid-Strike, M|100/100|[from] Volt Switch
|
|upkeep
|turn|2
|
|t:|1685841668
|-terastallize|p1a: Roaring Moon|Flying
|move|p1a: Roaring Moon|Acrobatics|p2a: Urshifu
|-supereffective|p2a: Urshifu
|-damage|p2a: Urshifu|0 fnt
|faint|p2a: Urshifu
|
|upkeep
|
|t:|1685841672
|switch|p2a: Zapdos|Zapdos|100/100
|turn|3
|
|t:|1685841674
|move|p1a: Roaring Moon|Crunch|p2a: Zapdos
|-damage|p2a: Zapdos|35/100
|move|p2a: Zapdos|Volt Switch|p1a: Roaring Moon
|-supereffective|p1a: Roaring Moon
|-damage|p1a: Roaring Moon|29/100
|
|t:|1685841680
|switch|p2a: Magearna|Magearna|100/100|[from] Volt Switch
|
|upkeep
|turn|4
|
|t:|1685841683
|move|p1a: Roaring Moon|Earthquake|p2a: Magearna
|-supereffective|p2a: Magearna
|-damage|p2a: Magearna|0 fnt
|faint|p2a: Magearna
|
|upkeep
|
|t:|1685841686
|switch|p2a: Zapdos|Zapdos|35/100
|turn|5
|
|t:|1685841688
|move|p1a: Roaring Moon|Crunch|p2a: Zapdos
|-damage|p2a: Zapdos|0 fnt
|faint|p2a: Zapdos
|
|upkeep
|
|t:|1685841691
|switch|p2a: Dragapult|Dragapult, M|100/100
|turn|6
|
|t:|1685841693
|move|p1a: Roaring Moon|Crunch|p2a: Dragapult
|-supereffective|p2a: Dragapult
|-damage|p2a: Dragapult|0 fnt
|faint|p2a: Dragapult
|
|upkeep
|
|t:|1685841695
|switch|p2a: Typhlosion|Typhlosion-Hisui, M|100/100
|turn|7
|
|t:|1685841698
|move|p1a: Roaring Moon|Crunch|p2a: Typhlosion
|-supereffective|p2a: Typhlosion
|-damage|p2a: Typhlosion|0 fnt
|faint|p2a: Typhlosion
|
|upkeep
|
|t:|1685841700
|switch|p2a: Great Tusk|Great Tusk|100/100
|-enditem|p2a: Great Tusk|Booster Energy
|-activate|p2a: Great Tusk|ability: Protosynthesis|[fromitem]
|-start|p2a: Great Tusk|protosynthesisspe
|turn|8
|
|t:|1685841703
|move|p1a: Roaring Moon|Acrobatics|p2a: Great Tusk
|-supereffective|p2a: Great Tusk
|-damage|p2a: Great Tusk|0 fnt
|faint|p2a: Great Tusk
|-end|p2a: Great Tusk|Protosynthesis|[silent]
|
|win|Sr.Haruno
|raw|Sr.Haruno's rating: 1255 → 1279(+24 for winning)
|raw|treegirly's rating: 1243 → 1219(-24 for losing)
|c|☆Sr.Haruno|no loss
|l|☆treegirly
|c|☆Sr.Haruno|lol
