|j|☆Aeterna Act 2
|j|☆Lucas Platino
|t:|1685884980
|gametype|singles
|player|p1|Aeterna Act 2|guitarist|1152
|player|p2|Lucas Platino|oak|1109
|teamsize|p1|6
|teamsize|p2|6
|gen|9
|tier|[Gen 9] OU
|rated|
|rule|Sleep Clause Mod: Limit one foe put to sleep
|rule|Species Clause: Limit one of each Pokémon
|rule|OHKO Clause: OHKO moves are banned
|rule|Evasion Items Clause: Evasion items are banned
|rule|Evasion Moves Clause: Evasion moves are banned
|rule|Endless Battle Clause: Forcing endless battles is banned
|rule|HP Percentage Mod: HP is shown in percentages
|clearpoke
|poke|p1|Sneasler, F|
|poke|p1|Toxapex, F|
|poke|p1|Electrode-Hisui|
|poke|p1|Corviknight, F|
|poke|p1|Arcanine-Hisui, F|
|poke|p1|Magearna|
|poke|p2|Quaquaval, M|
|poke|p2|Scovillain, M|
|poke|p2|Gholdengo|
|poke|p2|Roaring Moon|
|poke|p2|Iron Valiant|
|poke|p2|Bellibolt, M|
|teampreview
|
|t:|1685884997
|start
|switch|p1a: Steel Ball Run|Electrode-Hisui, shiny|100/100
|switch|p2a: Iron Valiant|Iron Valiant|100/100
|turn|1
|
|t:|1685885007
|move|p1a: Steel Ball Run|Chloroblast|p2a: Iron Valiant
|-damage|p2a: Iron Valiant|0 fnt
|-damage|p1a: Steel Ball Run|50/100|[from] chloroblast
|faint|p2a: Iron Valiant
|-end|p2a: Iron Valiant|Quark Drive|[silent]
|
|upkeep
|
|t:|1685885020
|switch|p2a: Roaring Moon|Roaring Moon|100/100
|-enditem|p2a: Roaring Moon|Booster Energy
|-activate|p2a: Roaring Moon|ability: Protosynthesis|[fromitem]
|-start|p2a: Roaring Moon|protosynthesisspe
|turn|2
|
|t:|1685885030
|switch|p1a: Horus|Corviknight, F|100/100
|-ability|p1a: Horus|Pressure
|move|p2a: Roaring Moon|Dragon Dance|p2a: Roaring Moon
|-boost|p2a: Roaring Moon|atk|1
|-boost|p2a: Roaring Moon|spe|1
|
|upkeep
|turn|3
|
|t:|1685885038
|move|p2a: Roaring Moon|Crunch|p1a: Horus
|-damage|p1a: Horus|61/100
|-damage|p2a: Roaring Moon|84/100|[from] item: Rocky Helmet|[of] p1a: Horus
|move|p1a: Horus|U-turn|p2a: Roaring Moon
|-supereffective|p2a: Roaring Moon
|-damage|p2a: Roaring Moon|50/100
|
|t:|1685885045
|switch|p1a: Killer Queen|Magearna|100/100|[from] U-turn
|
|upkeep
|turn|4
|
|t:|1685885052
|-terastallize|p1a: Killer Queen|Flying
|move|p2a: Roaring Moon|Earthquake|p1a: Killer Queen
|-immune|p1a: Killer Queen
|move|p1a: Killer Queen|Draining Kiss|p2a: Roaring Moon
|-supereffective|p2a: Roaring Moon
|-damage|p2a: Roaring Moon|0 fnt
|faint|p2a: Roaring Moon
|-ability|p1a: Killer Queen|Soul-Heart|boost
|-boost|p1a: Killer Queen|spa|1
|-end|p2a: Roaring Moon|Protosynthesis|[silent]
|
|upkeep
|-message|Lucas Platino forfeited.
|
|win|Aeterna Act 2
|raw|Aeterna Act 2's rating: 1152 → 1174(+22 for winning)
|raw|Lucas Platino's rating: 1109 → 1087(-22 for losing)
|l|☆Lucas Platino
