|j|☆blackthugshaker2
|j|☆Froggerman225
|t:|1685839938
|gametype|singles
|player|p1|blackthugshaker2|iris-gen5bw2|
|player|p2|Froggerman225|veteran|
|teamsize|p1|6
|teamsize|p2|6
|gen|9
|tier|[Gen 9] OU
|rule|Sleep Clause Mod: Limit one foe put to sleep
|rule|Species Clause: Limit one of each Pokémon
|rule|OHKO Clause: OHKO moves are banned
|rule|Evasion Items Clause: Evasion items are banned
|rule|Evasion Moves Clause: Evasion moves are banned
|rule|Endless Battle Clause: Forcing endless battles is banned
|rule|HP Percentage Mod: HP is shown in percentages
|clearpoke
|poke|p1|Samurott-Hisui, M|
|poke|p1|Gholdengo|
|poke|p1|Landorus-Therian, M|
|poke|p1|Heatran, F|
|poke|p1|Zamazenta-*|
|poke|p1|Enamorus, F|
|poke|p2|Ursaluna, M|
|poke|p2|Tornadus-Therian, M|
|poke|p2|Cloyster, F|
|poke|p2|Hoopa-Unbound|
|poke|p2|Goodra, M|
|poke|p2|Iron Moth|
|teampreview
|inactive|Battle timer is ON: inactive players will automatically lose when time's up. (requested by Froggerman225)
|c|☆blackthugshaker2|Glhf
|c|☆Froggerman225|Good luck
|
|t:|1685839956
|start
|switch|p1a: Samurott|Samurott-Hisui, M, shiny|100/100
|switch|p2a: Hoopa|Hoopa-Unbound|100/100
|turn|1
|
|t:|1685839966
|move|p2a: Hoopa|Drain Punch|p1a: Samurott
|-supereffective|p1a: Samurott
|-damage|p1a: Samurott|33/100
|move|p1a: Samurott|Ceaseless Edge|p2a: Hoopa
|-damage|p2a: Hoopa|16/100
|-sidestart|p2: Froggerman225|Spikes
|
|-heal|p1a: Samurott|39/100|[from] item: Leftovers
|upkeep
|turn|2
|
|t:|1685839974
|switch|p2a: Cloyster|Cloyster, F|100/100
|-damage|p2a: Cloyster|88/100|[from] Spikes
|move|p1a: Samurott|Sucker Punch||[still]
|-fail|p1a: Samurott
|
|-heal|p1a: Samurott|45/100|[from] item: Leftovers
|upkeep
|turn|3
|
|t:|1685839987
|move|p1a: Samurott|Sacred Sword|p2a: Cloyster
|-supereffective|p2a: Cloyster
|-damage|p2a: Cloyster|22/100
|move|p2a: Cloyster|Shell Smash|p2a: Cloyster
|-unboost|p2a: Cloyster|def|1
|-unboost|p2a: Cloyster|spd|1
|-boost|p2a: Cloyster|atk|2
|-boost|p2a: Cloyster|spa|2
|-boost|p2a: Cloyster|spe|2
|-enditem|p2a: Cloyster|White Herb
|-clearnegativeboost|p2a: Cloyster|[silent]
|
|-heal|p1a: Samurott|51/100|[from] item: Leftovers
|upkeep
|turn|4
|
|t:|1685839997
|move|p1a: Samurott|Sucker Punch||[still]
|-fail|p1a: Samurott
|move|p2a: Cloyster|Shell Smash|p2a: Cloyster
|-unboost|p2a: Cloyster|def|1
|-unboost|p2a: Cloyster|spd|1
|-boost|p2a: Cloyster|atk|2
|-boost|p2a: Cloyster|spa|2
|-boost|p2a: Cloyster|spe|2
|
|-heal|p1a: Samurott|58/100|[from] item: Leftovers
|upkeep
|turn|5
|j| 5EternalNoob5
|
|t:|1685840000
|-terastallize|p2a: Cloyster|Electric
|move|p2a: Cloyster|Tera Blast|p1a: Samurott
|-supereffective|p1a: Samurott
|-damage|p1a: Samurott|0 fnt
|faint|p1a: Samurott
|
|upkeep
|
|t:|1685840015
|switch|p1a: Gholdengo|Gholdengo|100/100
|-item|p1a: Gholdengo|Air Balloon
|turn|6
|
|t:|1685840019
|move|p2a: Cloyster|Tera Blast|p1a: Gholdengo
|-damage|p1a: Gholdengo|0 fnt
|-enditem|p1a: Gholdengo|Air Balloon
|faint|p1a: Gholdengo
|
|upkeep
|
|t:|1685840028
|switch|p1a: Landorus|Landorus-Therian, M|100/100
|-ability|p1a: Landorus|Intimidate|boost
|-unboost|p2a: Cloyster|atk|1
|turn|7
|l| 5EternalNoob5
|
|t:|1685840031
|-terastallize|p1a: Landorus|Water
|move|p2a: Cloyster|Icicle Spear|p1a: Landorus
|-resisted|p1a: Landorus
|-damage|p1a: Landorus|91/100
|-resisted|p1a: Landorus
|-damage|p1a: Landorus|81/100
|-resisted|p1a: Landorus
|-damage|p1a: Landorus|71/100
|-resisted|p1a: Landorus
|-damage|p1a: Landorus|60/100
|-resisted|p1a: Landorus
|-damage|p1a: Landorus|50/100
|-hitcount|p1a: Landorus|5
|move|p1a: Landorus|Earthquake|p2a: Cloyster
|-supereffective|p2a: Cloyster
|-damage|p2a: Cloyster|0 fnt
|faint|p2a: Cloyster
|
|upkeep
|
|t:|1685840037
|switch|p2a: Ursaluna|Ursaluna, M|100/100
|-damage|p2a: Ursaluna|88/100|[from] Spikes
|turn|8
|
|t:|1685840049
|move|p1a: Landorus|U-turn|p2a: Ursaluna
|-damage|p2a: Ursaluna|72/100
|
|t:|1685840051
|switch|p1a: Enamorus|Enamorus, F|100/100|[from] U-turn
|move|p2a: Ursaluna|Thunder Punch|p1a: Enamorus
|-supereffective|p1a: Enamorus
|-damage|p1a: Enamorus|0 fnt
|faint|p1a: Enamorus
|
|-status|p2a: Ursaluna|brn|[from] item: Flame Orb
|upkeep
|
|t:|1685840055
|switch|p1a: Zamazenta|Zamazenta|100/100
|-ability|p1a: Zamazenta|Dauntless Shield|boost
|-boost|p1a: Zamazenta|def|1
|turn|9
|
|t:|1685840066
|switch|p2a: Iron Moth|Iron Moth|100/100
|-enditem|p2a: Iron Moth|Booster Energy
|-activate|p2a: Iron Moth|ability: Quark Drive|[fromitem]
|-start|p2a: Iron Moth|quarkdrivespe
|-damage|p2a: Iron Moth|88/100|[from] Spikes
|move|p1a: Zamazenta|Close Combat|p2a: Iron Moth
|-resisted|p2a: Iron Moth
|-damage|p2a: Iron Moth|18/100
|-unboost|p1a: Zamazenta|def|1
|-unboost|p1a: Zamazenta|spd|1
|
|upkeep
|turn|10
|
|t:|1685840076
|switch|p1a: Heatran|Heatran, F|100/100
|move|p2a: Iron Moth|Flamethrower|p1a: Heatran
|-start|p1a: Heatran|ability: Flash Fire
|
|upkeep
|turn|11
|
|t:|1685840080
|move|p2a: Iron Moth|Bug Buzz|p1a: Heatran
|-resisted|p1a: Heatran
|-damage|p1a: Heatran|96/100
|move|p1a: Heatran|Magma Storm|p2a: Iron Moth
|-resisted|p2a: Iron Moth
|-damage|p2a: Iron Moth|0 fnt
|faint|p2a: Iron Moth
|-end|p2a: Iron Moth|Quark Drive|[silent]
|
|-heal|p1a: Heatran|100/100|[from] item: Leftovers
|upkeep
|
|t:|1685840091
|switch|p2a: Ursaluna|Ursaluna, M|72/100 brn
|-damage|p2a: Ursaluna|60/100 brn|[from] Spikes
|turn|12
|
|t:|1685840094
|-end|p1a: Heatran|ability: Flash Fire|[silent]
|switch|p1a: Landorus|Landorus-Therian, M, tera:Water|50/100
|-ability|p1a: Landorus|Intimidate|boost
|-unboost|p2a: Ursaluna|atk|1
|move|p2a: Ursaluna|Earthquake|p1a: Landorus
|-damage|p1a: Landorus|8/100
|
|-damage|p2a: Ursaluna|54/100 brn|[from] brn
|upkeep
|turn|13
|
|t:|1685840103
|move|p1a: Landorus|Stealth Rock|p2a: Ursaluna
|-sidestart|p2: Froggerman225|move: Stealth Rock
|move|p2a: Ursaluna|Earthquake|p1a: Landorus
|-damage|p1a: Landorus|0 fnt
|faint|p1a: Landorus
|
|-damage|p2a: Ursaluna|48/100 brn|[from] brn
|upkeep
|
|t:|1685840104
|switch|p1a: Zamazenta|Zamazenta|100/100
|turn|14
|
|t:|1685840109
|move|p1a: Zamazenta|Close Combat|p2a: Ursaluna
|-supereffective|p2a: Ursaluna
|-damage|p2a: Ursaluna|0 fnt
|-unboost|p1a: Zamazenta|def|1
|-unboost|p1a: Zamazenta|spd|1
|faint|p2a: Ursaluna
|
|upkeep
|
|t:|1685840114
|switch|p2a: Tornadus|Tornadus-Therian, M|100/100
|-damage|p2a: Tornadus|76/100|[from] Stealth Rock
|turn|15
|
|t:|1685840118
|switch|p1a: Heatran|Heatran, F|100/100
|move|p2a: Tornadus|U-turn|p1a: Heatran
|-resisted|p1a: Heatran
|-damage|p1a: Heatran|96/100
|-damage|p2a: Tornadus|66/100|[from] item: Life Orb
|
|t:|1685840121
|switch|p2a: Goodra|Goodra, M|100/100|[from] U-turn
|-damage|p2a: Goodra|88/100|[from] Spikes
|-damage|p2a: Goodra|76/100|[from] Stealth Rock
|
|-heal|p1a: Heatran|100/100|[from] item: Leftovers
|upkeep
|turn|16
|
|t:|1685840130
|move|p2a: Goodra|Surf|p1a: Heatran
|-supereffective|p1a: Heatran
|-damage|p1a: Heatran|64/100
|move|p1a: Heatran|Magma Storm|p2a: Goodra|[miss]
|-miss|p1a: Heatran|p2a: Goodra
|
|-heal|p1a: Heatran|70/100|[from] item: Leftovers
|upkeep
|turn|17
|
|t:|1685840136
|switch|p1a: Zamazenta|Zamazenta|100/100
|move|p2a: Goodra|Surf|p1a: Zamazenta
|-damage|p1a: Zamazenta|74/100
|
|upkeep
|turn|18
|
|t:|1685840139
|move|p1a: Zamazenta|Close Combat|p2a: Goodra
|-damage|p2a: Goodra|0 fnt
|-unboost|p1a: Zamazenta|def|1
|-unboost|p1a: Zamazenta|spd|1
|faint|p2a: Goodra
|
|upkeep
|
|t:|1685840156
|switch|p2a: Tornadus|Tornadus-Therian, M|99/100
|-damage|p2a: Tornadus|74/100|[from] Stealth Rock
|turn|19
|
|t:|1685840167
|switch|p1a: Heatran|Heatran, F|70/100
|move|p2a: Tornadus|Dark Pulse|p1a: Heatran
|-damage|p1a: Heatran|52/100
|-damage|p2a: Tornadus|65/100|[from] item: Life Orb
|
|-heal|p1a: Heatran|58/100|[from] item: Leftovers
|upkeep
|turn|20
|
|t:|1685840174
|move|p2a: Tornadus|U-turn|p1a: Heatran
|-resisted|p1a: Heatran
|-damage|p1a: Heatran|54/100
|-damage|p2a: Tornadus|55/100|[from] item: Life Orb
|
|t:|1685840196
|switch|p2a: Hoopa|Hoopa-Unbound|16/100|[from] U-turn
|-damage|p2a: Hoopa|3/100|[from] Spikes
|-damage|p2a: Hoopa|0 fnt|[from] Stealth Rock
|faint|p2a: Hoopa
|move|p1a: Heatran|Magma Storm|p2: Hoopa|[notarget]
|-fail|p1a: Heatran
|
|-heal|p1a: Heatran|61/100|[from] item: Leftovers
|upkeep
|
|t:|1685840197
|switch|p2a: Tornadus|Tornadus-Therian, M|88/100
|-damage|p2a: Tornadus|63/100|[from] Stealth Rock
|turn|21
|
|t:|1685840202
|move|p2a: Tornadus|Dark Pulse|p1a: Heatran
|-damage|p1a: Heatran|41/100
|-damage|p2a: Tornadus|54/100|[from] item: Life Orb
|move|p1a: Heatran|Magma Storm|p2a: Tornadus
|-damage|p2a: Tornadus|0 fnt
|faint|p2a: Tornadus
|
|win|blackthugshaker2
|c|☆blackthugshaker2|gg
|c|☆Froggerman225|Gg
|l|☆Froggerman225
