|j|☆ThatOneDude21
|j|☆Unclepete8
|t:|1685910065
|gametype|singles
|player|p1|ThatOneDude21|266|
|player|p2|Unclepete8|265|
|teamsize|p1|6
|teamsize|p2|6
|gen|9
|tier|[Gen 9] OU
|rule|Sleep Clause Mod: Limit one foe put to sleep
|rule|Species Clause: Limit one of each Pokémon
|rule|OHKO Clause: OHKO moves are banned
|rule|Evasion Items Clause: Evasion items are banned
|rule|Evasion Moves Clause: Evasion moves are banned
|rule|Endless Battle Clause: Forcing endless battles is banned
|rule|HP Percentage Mod: HP is shown in percentages
|clearpoke
|poke|p1|Arcanine-Hisui, F|
|poke|p1|Hoopa-Unbound|
|poke|p1|Decidueye-Hisui, F|
|poke|p1|Calyrex|
|poke|p1|Braviary-Hisui, M|
|poke|p1|Basculegion-F, F|
|poke|p2|Azelf|
|poke|p2|Mew|
|poke|p2|Landorus-Therian, M|
|poke|p2|Dragonite, M|
|poke|p2|Baxcalibur, M|
|poke|p2|Zoroark-Hisui, M|
|teampreview
|inactive|Battle timer is ON: inactive players will automatically lose when time's up. (requested by ThatOneDude21)
|inactive|Unclepete8 also wants the timer to be on.
|inactive|Unclepete8 has 270 seconds left.
|
|t:|1685910097
|start
|switch|p1a: Braviary|Braviary-Hisui, M|100/100
|switch|p2a: Mew|Mew|100/100
|turn|1
|
|t:|1685910104
|move|p2a: Mew|Dragon Dance|p2a: Mew
|-boost|p2a: Mew|atk|1
|-boost|p2a: Mew|spe|1
|move|p1a: Braviary|Agility|p1a: Braviary
|-boost|p1a: Braviary|spe|2
|
|upkeep
|turn|2
|
|t:|1685910112
|move|p1a: Braviary|Shadow Ball|p2a: Mew
|-supereffective|p2a: Mew
|-damage|p2a: Mew|10/100
|move|p2a: Mew|Dragon Dance|p2a: Mew
|-boost|p2a: Mew|atk|1
|-boost|p2a: Mew|spe|1
|
|upkeep
|turn|3
|
|t:|1685910121
|switch|p1a: Calyrex|Calyrex|100/100
|-ability|p1a: Calyrex|Unnerve
|move|p2a: Mew|Psychic Fangs|p1a: Calyrex
|-resisted|p1a: Calyrex
|-damage|p1a: Calyrex|66/100
|-damage|p2a: Mew|0 fnt|[from] item: Rocky Helmet|[of] p1a: Calyrex
|faint|p2a: Mew
|
|upkeep
|
|t:|1685910145
|switch|p2a: Baxcalibur|Baxcalibur, M|100/100
|turn|4
|
|t:|1685910161
|-terastallize|p2a: Baxcalibur|Grass
|move|p2a: Baxcalibur|Dragon Dance|p2a: Baxcalibur
|-boost|p2a: Baxcalibur|atk|1
|-boost|p2a: Baxcalibur|spe|1
|move|p1a: Calyrex|Leech Seed|p2a: Baxcalibur
|-immune|p2a: Baxcalibur
|
|upkeep
|turn|5
|
|t:|1685910166
|move|p2a: Baxcalibur|Dragon Dance|p2a: Baxcalibur
|-boost|p2a: Baxcalibur|atk|1
|-boost|p2a: Baxcalibur|spe|1
|move|p1a: Calyrex|Reflect|p1a: Calyrex
|-sidestart|p1: ThatOneDude21|Reflect
|
|upkeep
|turn|6
|
|t:|1685910172
|move|p2a: Baxcalibur|Dragon Dance|p2a: Baxcalibur
|-boost|p2a: Baxcalibur|atk|1
|-boost|p2a: Baxcalibur|spe|1
|move|p1a: Calyrex|Light Screen|p1a: Calyrex
|-sidestart|p1: ThatOneDude21|move: Light Screen
|
|upkeep
|turn|7
|
|t:|1685910179
|move|p2a: Baxcalibur|Dragon Dance|p2a: Baxcalibur
|-boost|p2a: Baxcalibur|atk|1
|-boost|p2a: Baxcalibur|spe|1
|move|p1a: Calyrex|Giga Drain|p2a: Baxcalibur
|-resisted|p2a: Baxcalibur
|-damage|p2a: Baxcalibur|90/100
|-heal|p1a: Calyrex|71/100|[from] drain|[of] p2a: Baxcalibur
|
|upkeep
|turn|8
|
|t:|1685910184
|switch|p1a: Hoopa|Hoopa-Unbound|100/100
|move|p2a: Baxcalibur|Ice Shard|p1a: Hoopa
|-damage|p1a: Hoopa|35/100
|-damage|p2a: Baxcalibur|80/100|[from] item: Life Orb
|
|upkeep
|turn|9
|
|t:|1685910189
|move|p2a: Baxcalibur|Ice Shard|p1a: Hoopa
|-damage|p1a: Hoopa|0 fnt
|faint|p1a: Hoopa
|-damage|p2a: Baxcalibur|70/100|[from] item: Life Orb
|
|-sideend|p1: ThatOneDude21|Reflect
|upkeep
|
|t:|1685910193
|switch|p1a: Arcanine|Arcanine-Hisui, F|100/100
|turn|10
|
|t:|1685910196
|move|p1a: Arcanine|Extreme Speed|p2a: Baxcalibur
|-damage|p2a: Baxcalibur|41/100
|move|p2a: Baxcalibur|Earthquake|p1a: Arcanine
|-supereffective|p1a: Arcanine
|-damage|p1a: Arcanine|0 fnt
|faint|p1a: Arcanine
|-damage|p2a: Baxcalibur|31/100|[from] item: Life Orb
|
|-sideend|p1: ThatOneDude21|move: Light Screen
|upkeep
|
|t:|1685910203
|switch|p1a: Decidueye|Decidueye-Hisui, F|100/100
|turn|11
|
|t:|1685910207
|move|p2a: Baxcalibur|Ice Shard|p1a: Decidueye
|-supereffective|p1a: Decidueye
|-damage|p1a: Decidueye|0 fnt
|faint|p1a: Decidueye
|-damage|p2a: Baxcalibur|21/100|[from] item: Life Orb
|
|upkeep
|
|t:|1685910212
|switch|p1a: Calyrex|Calyrex|71/100
|-ability|p1a: Calyrex|Unnerve
|turn|12
|
|t:|1685910216
|move|p2a: Baxcalibur|Ice Shard|p1a: Calyrex
|-supereffective|p1a: Calyrex
|-damage|p1a: Calyrex|0 fnt
|faint|p1a: Calyrex
|-damage|p2a: Baxcalibur|11/100|[from] item: Life Orb
|
|upkeep
|
|t:|1685910218
|switch|p1a: Basculegion|Basculegion-F, F|100/100
|turn|13
|
|t:|1685910223
|move|p2a: Baxcalibur|Icicle Crash|p1a: Basculegion
|-resisted|p1a: Basculegion
|-damage|p1a: Basculegion|0 fnt
|faint|p1a: Basculegion
|-damage|p2a: Baxcalibur|1/100|[from] item: Life Orb
|
|upkeep
|
|t:|1685910226
|switch|p1a: Braviary|Braviary-Hisui, M|100/100
|turn|14
|
|t:|1685910229
|-terastallize|p1a: Braviary|Psychic
|move|p2a: Baxcalibur|Ice Shard|p1a: Braviary
|-damage|p1a: Braviary|0 fnt
|faint|p1a: Braviary
|-damage|p2a: Baxcalibur|0 fnt|[from] item: Life Orb
|faint|p2a: Baxcalibur
|
|win|Unclepete8
