|j|☆Standardbandard23
|j|☆SkechiArt
|t:|1685906831
|gametype|singles
|player|p1|Standardbandard23|266|
|player|p2|SkechiArt|n-masters|
|teamsize|p1|6
|teamsize|p2|6
|gen|9
|tier|[Gen 9] OU
|rule|Sleep Clause Mod: Limit one foe put to sleep
|rule|Species Clause: Limit one of each Pokémon
|rule|OHKO Clause: OHKO moves are banned
|rule|Evasion Items Clause: Evasion items are banned
|rule|Evasion Moves Clause: Evasion moves are banned
|rule|Endless Battle Clause: Forcing endless battles is banned
|rule|HP Percentage Mod: HP is shown in percentages
|clearpoke
|poke|p1|Slowking-Galar, F|
|poke|p1|Baxcalibur, F|
|poke|p1|Cetitan, F|
|poke|p1|Dragonite, M|
|poke|p1|Clawitzer, M|
|poke|p1|Great Tusk|
|poke|p2|Ceruledge, M|
|poke|p2|Cinderace, F|
|poke|p2|Skeledirge, M|
|poke|p2|Volcanion|
|poke|p2|Heatran, M|
|poke|p2|Arcanine-Hisui, F|
|teampreview
|
|t:|1685906844
|start
|switch|p1a: Kotake|Slowking-Galar, F|100/100
|switch|p2a: Gluttony|Heatran, M|100/100
|turn|1
|
|t:|1685906850
|move|p2a: Gluttony|Taunt|p1a: Kotake
|-start|p1a: Kotake|move: Taunt
|cant|p1a: Kotake|move: Taunt|Thunder Wave
|
|upkeep
|turn|2
|
|t:|1685906855
|switch|p1a: Volvagia|Dragonite, M|100/100
|move|p2a: Gluttony|Stealth Rock|p1a: Volvagia
|-sidestart|p1: Standardbandard23|move: Stealth Rock
|
|upkeep
|turn|3
|
|t:|1685906861
|move|p1a: Volvagia|Dragon Dance|p1a: Volvagia
|-boost|p1a: Volvagia|atk|1
|-boost|p1a: Volvagia|spe|1
|move|p2a: Gluttony|Magma Storm|p1a: Volvagia|[miss]
|-miss|p2a: Gluttony|p1a: Volvagia
|
|upkeep
|turn|4
|
|t:|1685906868
|move|p1a: Volvagia|Dragon Dance|p1a: Volvagia
|-boost|p1a: Volvagia|atk|1
|-boost|p1a: Volvagia|spe|1
|move|p2a: Gluttony|Taunt|p1a: Volvagia
|-start|p1a: Volvagia|move: Taunt
|
|upkeep
|turn|5
|
|t:|1685906874
|move|p1a: Volvagia|Earthquake|p2a: Gluttony
|-supereffective|p2a: Gluttony
|-damage|p2a: Gluttony|0 fnt
|faint|p2a: Gluttony
|
|upkeep
|
|t:|1685906878
|switch|p2a: Greed|Volcanion|100/100
|turn|6
|
|t:|1685906881
|-terastallize|p2a: Greed|Water
|move|p1a: Volvagia|Earthquake|p2a: Greed
|-damage|p2a: Greed|48/100
|move|p2a: Greed|Will-O-Wisp|p1a: Volvagia
|-status|p1a: Volvagia|brn
|
|-heal|p2a: Greed|54/100|[from] item: Leftovers
|-damage|p1a: Volvagia|94/100 brn|[from] brn
|upkeep
|turn|7
|c|☆Standardbandard23|dang
|
|t:|1685906892
|move|p1a: Volvagia|Earthquake|p2a: Greed
|-damage|p2a: Greed|28/100
|move|p2a: Greed|Sludge Bomb|p1a: Volvagia
|-damage|p1a: Volvagia|64/100 brn
|
|-heal|p1a: Volvagia|70/100 brn|[from] item: Leftovers
|-heal|p2a: Greed|34/100|[from] item: Leftovers
|-damage|p1a: Volvagia|64/100 brn|[from] brn
|-end|p1a: Volvagia|move: Taunt
|upkeep
|turn|8
|
|t:|1685906904
|move|p1a: Volvagia|Dragon Dance|p1a: Volvagia
|-boost|p1a: Volvagia|atk|1
|-boost|p1a: Volvagia|spe|1
|move|p2a: Greed|Steam Eruption|p1a: Volvagia
|-resisted|p1a: Volvagia
|-damage|p1a: Volvagia|25/100 brn
|
|-heal|p1a: Volvagia|31/100 brn|[from] item: Leftovers
|-heal|p2a: Greed|40/100|[from] item: Leftovers
|-damage|p1a: Volvagia|25/100 brn|[from] brn
|upkeep
|turn|9
|
|t:|1685906914
|move|p1a: Volvagia|Roost|p1a: Volvagia
|-heal|p1a: Volvagia|75/100 brn
|-singleturn|p1a: Volvagia|move: Roost
|move|p2a: Greed|Steam Eruption|p1a: Volvagia
|-resisted|p1a: Volvagia
|-damage|p1a: Volvagia|40/100 brn
|
|-heal|p1a: Volvagia|46/100 brn|[from] item: Leftovers
|-heal|p2a: Greed|46/100|[from] item: Leftovers
|-damage|p1a: Volvagia|40/100 brn|[from] brn
|upkeep
|turn|10
|
|t:|1685906924
|move|p1a: Volvagia|Roost|p1a: Volvagia
|-heal|p1a: Volvagia|90/100 brn
|-singleturn|p1a: Volvagia|move: Roost
|move|p2a: Greed|Steam Eruption|p1a: Volvagia
|-resisted|p1a: Volvagia
|-damage|p1a: Volvagia|54/100 brn
|
|-heal|p1a: Volvagia|60/100 brn|[from] item: Leftovers
|-heal|p2a: Greed|52/100|[from] item: Leftovers
|-damage|p1a: Volvagia|54/100 brn|[from] brn
|upkeep
|turn|11
|
|t:|1685906935
|move|p1a: Volvagia|Dragon Dance|p1a: Volvagia
|-boost|p1a: Volvagia|atk|1
|-boost|p1a: Volvagia|spe|1
|move|p2a: Greed|Steam Eruption|p1a: Volvagia
|-resisted|p1a: Volvagia
|-damage|p1a: Volvagia|18/100 brn
|
|-heal|p1a: Volvagia|24/100 brn|[from] item: Leftovers
|-heal|p2a: Greed|58/100|[from] item: Leftovers
|-damage|p1a: Volvagia|18/100 brn|[from] brn
|upkeep
|turn|12
|
|t:|1685906948
|move|p1a: Volvagia|Earthquake|p2a: Greed
|-damage|p2a: Greed|24/100
|move|p2a: Greed|Steam Eruption|p1a: Volvagia
|-resisted|p1a: Volvagia
|-damage|p1a: Volvagia|0 fnt
|faint|p1a: Volvagia
|
|-heal|p2a: Greed|30/100|[from] item: Leftovers
|upkeep
|
|t:|1685906972
|switch|p1a: Kotake|Slowking-Galar, F|100/100
|turn|13
|
|t:|1685906978
|move|p2a: Greed|Will-O-Wisp|p1a: Kotake
|-status|p1a: Kotake|brn
|move|p1a: Kotake|Thunder Wave|p2a: Greed
|-status|p2a: Greed|par
|
|-heal|p2a: Greed|36/100 par|[from] item: Leftovers
|-damage|p1a: Kotake|94/100 brn|[from] brn
|upkeep
|turn|14
|
|t:|1685906989
|move|p1a: Kotake|Psychic|p2a: Greed
|-damage|p2a: Greed|0 fnt
|faint|p2a: Greed
|
|-damage|p1a: Kotake|88/100 brn|[from] brn
|upkeep
|
|t:|1685906993
|switch|p2a: Sloth|Skeledirge, M|100/100
|turn|15
|
|t:|1685906997
|move|p2a: Sloth|Torch Song|p1a: Kotake
|-damage|p1a: Kotake|66/100 brn
|-boost|p2a: Sloth|spa|1
|-enditem|p2a: Sloth|Throat Spray
|-boost|p2a: Sloth|spa|1|[from] item: Throat Spray
|move|p1a: Kotake|Thunder Wave|p2a: Sloth
|-status|p2a: Sloth|par
|
|-damage|p1a: Kotake|60/100 brn|[from] brn
|upkeep
|turn|16
|
|t:|1685907009
|move|p1a: Kotake|Chilly Reception|p1a: Kotake
|-weather|Snow
|
|t:|1685907014
|switch|p1a: Moldarach|Clawitzer, M|100/100|[from] Chilly Reception
|-damage|p1a: Moldarach|88/100|[from] Stealth Rock
|move|p2a: Sloth|Torch Song|p1a: Moldarach
|-resisted|p1a: Moldarach
|-damage|p1a: Moldarach|54/100
|-boost|p2a: Sloth|spa|1
|
|-weather|Snow|[upkeep]
|upkeep
|turn|17
|
|t:|1685907024
|move|p1a: Moldarach|Water Pulse|p2a: Sloth
|-supereffective|p2a: Sloth
|-damage|p2a: Sloth|0 fnt
|faint|p2a: Sloth
|
|-weather|Snow|[upkeep]
|upkeep
|
|t:|1685907030
|switch|p2a: Pride|Arcanine-Hisui, F|100/100
|turn|18
|
|t:|1685907033
|move|p2a: Pride|Wild Charge|p1a: Moldarach
|-supereffective|p1a: Moldarach
|-damage|p1a: Moldarach|0 fnt
|faint|p1a: Moldarach
|
|-weather|Snow|[upkeep]
|upkeep
|
|t:|1685907038
|switch|p1a: Molduking|Great Tusk|100/100
|-damage|p1a: Molduking|98/100|[from] Stealth Rock
|turn|19
|
|t:|1685907047
|switch|p2a: Lust|Cinderace, F|100/100
|move|p1a: Molduking|Rapid Spin|p2a: Lust
|-damage|p2a: Lust|75/100
|-boost|p1a: Molduking|spe|1
|-sideend|p1: Standardbandard23|Stealth Rock|[from] move: Rapid Spin|[of] p1a: Molduking
|
|-weather|Snow|[upkeep]
|-heal|p1a: Molduking|100/100|[from] item: Leftovers
|upkeep
|turn|20
|
|t:|1685907056
|move|p1a: Molduking|Headlong Rush|p2a: Lust
|-supereffective|p2a: Lust
|-damage|p2a: Lust|0 fnt
|-unboost|p1a: Molduking|def|1
|-unboost|p1a: Molduking|spd|1
|faint|p2a: Lust
|
|-weather|none
|upkeep
|
|t:|1685907064
|switch|p2a: Wrath|Ceruledge, M|100/100
|turn|21
|
|t:|1685907073
|move|p1a: Molduking|Headlong Rush|p2a: Wrath
|-supereffective|p2a: Wrath
|-enditem|p2a: Wrath|Focus Sash
|-damage|p2a: Wrath|1/100
|-unboost|p1a: Molduking|def|1
|-unboost|p1a: Molduking|spd|1
|-ability|p2a: Wrath|Weak Armor|boost
|-unboost|p2a: Wrath|def|1
|-boost|p2a: Wrath|spe|2
|move|p2a: Wrath|Swords Dance|p2a: Wrath
|-boost|p2a: Wrath|atk|2
|
|upkeep
|turn|22
|
|t:|1685907084
|move|p2a: Wrath|Close Combat|p1a: Molduking
|-damage|p1a: Molduking|0 fnt
|-unboost|p2a: Wrath|def|1
|-unboost|p2a: Wrath|spd|1
|faint|p1a: Molduking
|-end|p1a: Molduking|Protosynthesis|[silent]
|
|upkeep
|
|t:|1685907172
|switch|p1a: Naydra|Baxcalibur, F|100/100
|turn|23
|
|t:|1685907188
|-terastallize|p1a: Naydra|Fire
|move|p2a: Wrath|Bitter Blade|p1a: Naydra
|-resisted|p1a: Naydra
|-damage|p1a: Naydra|54/100
|-heal|p2a: Wrath|30/100|[from] drain|[of] p1a: Naydra
|-ability|p1a: Naydra|Thermal Exchange|boost
|-boost|p1a: Naydra|atk|1
|move|p1a: Naydra|Earthquake|p2a: Wrath
|-supereffective|p2a: Wrath
|-damage|p2a: Wrath|0 fnt
|faint|p2a: Wrath
|
|-heal|p1a: Naydra|61/100|[from] item: Leftovers
|upkeep
|
|t:|1685907194
|switch|p2a: Pride|Arcanine-Hisui, F|100/100
|turn|24
|
|t:|1685907203
|move|p2a: Pride|Head Smash|p1a: Naydra
|-supereffective|p1a: Naydra
|-damage|p1a: Naydra|0 fnt
|faint|p1a: Naydra
|
|upkeep
|
|t:|1685907209
|switch|p1a: Kotake|Slowking-Galar, F|93/100 brn
|turn|25
|
|t:|1685907213
|move|p2a: Pride|Head Smash|p1a: Kotake
|-damage|p1a: Kotake|0 fnt
|faint|p1a: Kotake
|
|upkeep
|
|t:|1685907218
|switch|p1a: Jaba Jaba|Cetitan, F|100/100
|turn|26
|c|☆Standardbandard23|gg
|c|☆SkechiArt|arcanine! gg
|
|t:|1685907224
|move|p2a: Pride|Head Smash|p1a: Jaba Jaba|[miss]
|-miss|p2a: Pride|p1a: Jaba Jaba
|move|p1a: Jaba Jaba|Liquidation|p2a: Pride
|-supereffective|p2a: Pride
|-damage|p2a: Pride|0 fnt
|faint|p2a: Pride
|
|win|Standardbandard23
|c|☆Standardbandard23|NO WAY
