|j|☆Navi987
|j|☆Ghoulior
|t:|1685842201
|gametype|singles
|player|p1|Navi987|2|1059
|player|p2|Ghoulior|265|1116
|teamsize|p1|6
|teamsize|p2|6
|gen|9
|tier|[Gen 9] OU
|rated|
|rule|Sleep Clause Mod: Limit one foe put to sleep
|rule|Species Clause: Limit one of each Pokémon
|rule|OHKO Clause: OHKO moves are banned
|rule|Evasion Items Clause: Evasion items are banned
|rule|Evasion Moves Clause: Evasion moves are banned
|rule|Endless Battle Clause: Forcing endless battles is banned
|rule|HP Percentage Mod: HP is shown in percentages
|clearpoke
|poke|p1|Arboliva, F|
|poke|p1|Typhlosion-Hisui, M|
|poke|p1|Quaquaval, M|
|poke|p1|Bellibolt, M|
|poke|p1|Slowking-Galar, F|
|poke|p1|Orthworm, M|
|poke|p2|Clodsire, M|
|poke|p2|Iron Moth|
|poke|p2|Chien-Pao|
|poke|p2|Walking Wake|
|poke|p2|Garganacl, M|
|poke|p2|Rotom-Wash|
|teampreview
|inactive|Battle timer is ON: inactive players will automatically lose when time's up. (requested by Ghoulior)
|
|t:|1685842214
|start
|switch|p1a: Amorbis|Orthworm, M|100/100
|switch|p2a: Rotom|Rotom-Wash|100/100
|turn|1
|
|t:|1685842221
|move|p2a: Rotom|Will-O-Wisp|p1a: Amorbis
|-status|p1a: Amorbis|brn
|move|p1a: Amorbis|Stealth Rock|p2a: Rotom
|-sidestart|p2: Ghoulior|move: Stealth Rock
|
|-damage|p1a: Amorbis|94/100 brn|[from] brn
|upkeep
|turn|2
|
|t:|1685842232
|switch|p1a: Olivia Pierce|Arboliva, F|100/100
|move|p2a: Rotom|Volt Switch|p1a: Olivia Pierce
|-resisted|p1a: Olivia Pierce
|-damage|p1a: Olivia Pierce|92/100
|-fieldstart|move: Grassy Terrain|[from] ability: Seed Sower|[of] p1a: Olivia Pierce
|
|t:|1685842236
|switch|p2a: Iron Moth|Iron Moth|100/100|[from] Volt Switch
|-enditem|p2a: Iron Moth|Booster Energy
|-activate|p2a: Iron Moth|ability: Quark Drive|[fromitem]
|-start|p2a: Iron Moth|quarkdrivespe
|-damage|p2a: Iron Moth|76/100|[from] Stealth Rock
|
|-heal|p2a: Iron Moth|82/100|[from] Grassy Terrain
|-heal|p1a: Olivia Pierce|98/100|[from] Grassy Terrain
|upkeep
|turn|3
|
|t:|1685842252
|move|p2a: Iron Moth|Energy Ball|p1a: Olivia Pierce
|-resisted|p1a: Olivia Pierce
|-damage|p1a: Olivia Pierce|87/100
|move|p1a: Olivia Pierce|Earth Power|p2a: Iron Moth
|-supereffective|p2a: Iron Moth
|-damage|p2a: Iron Moth|0 fnt
|faint|p2a: Iron Moth
|-end|p2a: Iron Moth|Quark Drive|[silent]
|
|-heal|p1a: Olivia Pierce|93/100|[from] Grassy Terrain
|upkeep
|-message|Ghoulior forfeited.
|
|win|Navi987
|raw|Navi987's rating: 1059 → 1095(+36 for winning)
|raw|Ghoulior's rating: 1116 → 1087(-29 for losing)
|l|☆Ghoulior
