|j|☆RiloBR
|j|☆x222y2
|t:|1685931853
|gametype|singles
|player|p1|RiloBR|steven-gen3|1543
|player|p2|x222y2|blaine-gen1rb|1567
|teamsize|p1|6
|teamsize|p2|6
|gen|9
|tier|[Gen 9] OU
|rated|
|rule|Sleep Clause Mod: Limit one foe put to sleep
|rule|Species Clause: Limit one of each Pokémon
|rule|OHKO Clause: OHKO moves are banned
|rule|Evasion Items Clause: Evasion items are banned
|rule|Evasion Moves Clause: Evasion moves are banned
|rule|Endless Battle Clause: Forcing endless battles is banned
|rule|HP Percentage Mod: HP is shown in percentages
|clearpoke
|poke|p1|Pelipper, F|
|poke|p1|Hatterene, F|
|poke|p1|Amoonguss, F|
|poke|p1|Basculegion, M|
|poke|p1|Zapdos|
|poke|p1|Urshifu-*, M|
|poke|p2|Garchomp, M|
|poke|p2|Hydreigon, M|
|poke|p2|Magnezone|
|poke|p2|Moltres|
|poke|p2|Urshifu-*, M|
|poke|p2|Great Tusk|
|teampreview
|inactive|Battle timer is ON: inactive players will automatically lose when time's up. (requested by RiloBR)
|inactive|x222y2 has 120 seconds left.
|
|t:|1685931887
|start
|switch|p1a: Pelipper|Pelipper, F|100/100
|switch|p2a: Magnezone|Magnezone|100/100
|-weather|RainDance|[from] ability: Drizzle|[of] p1a: Pelipper
|turn|1
|
|t:|1685931893
|switch|p1a: Amoonguss|Amoonguss, F|100/100
|move|p2a: Magnezone|Volt Switch|p1a: Amoonguss
|-resisted|p1a: Amoonguss
|-damage|p1a: Amoonguss|78/100
|-enditem|p1a: Amoonguss|Eject Button
|
|t:|1685931898
|switch|p1a: DANGER|Basculegion, M, shiny|100/100
|
|-weather|RainDance|[upkeep]
|upkeep
|turn|2
|
|t:|1685931907
|switch|p2a: Garchomp|Garchomp, M|100/100
|move|p1a: DANGER|Wave Crash|p2a: Garchomp
|-damage|p2a: Garchomp|0 fnt
|-damage|p1a: DANGER|88/100|[from] ability: Rough Skin|[of] p2a: Garchomp
|-damage|p1a: DANGER|72/100|[from] item: Rocky Helmet|[of] p2a: Garchomp
|faint|p2a: Garchomp
|-damage|p1a: DANGER|35/100|[from] Recoil
|
|-weather|RainDance|[upkeep]
|upkeep
|inactive|x222y2 has 120 seconds left.
|
|t:|1685931938
|switch|p2a: Urshifu|Urshifu-Rapid-Strike, M|100/100
|turn|3
|
|t:|1685931946
|move|p1a: DANGER|Wave Crash|p2a: Urshifu
|-resisted|p2a: Urshifu
|-damage|p2a: Urshifu|37/100
|-damage|p1a: DANGER|16/100|[from] Recoil
|move|p2a: Urshifu|Surging Strikes|p1a: DANGER
|-resisted|p1a: DANGER
|-crit|p1a: DANGER
|-damage|p1a: DANGER|0 fnt
|faint|p1a: DANGER
|-hitcount|p1: DANGER|1
|
|-weather|RainDance|[upkeep]
|upkeep
|
|t:|1685931950
|switch|p1a: Zapdos|Zapdos|100/100
|turn|4
|
|t:|1685931964
|move|p2a: Urshifu|Surging Strikes|p1a: Zapdos
|-crit|p1a: Zapdos
|-damage|p1a: Zapdos|69/100
|-crit|p1a: Zapdos
|-damage|p1a: Zapdos|35/100
|-crit|p1a: Zapdos
|-damage|p1a: Zapdos|0 fnt
|faint|p1a: Zapdos
|-hitcount|p1: Zapdos|3
|
|-weather|RainDance|[upkeep]
|upkeep
|
|t:|1685931973
|switch|p1a: Urshifu|Urshifu-Rapid-Strike, M|100/100
|turn|5
|
|t:|1685931994
|move|p2a: Urshifu|Surging Strikes|p1a: Urshifu
|-resisted|p1a: Urshifu
|-crit|p1a: Urshifu
|-damage|p1a: Urshifu|87/100
|-resisted|p1a: Urshifu
|-crit|p1a: Urshifu
|-damage|p1a: Urshifu|73/100
|-resisted|p1a: Urshifu
|-crit|p1a: Urshifu
|-damage|p1a: Urshifu|59/100
|-hitcount|p1a: Urshifu|3
|move|p1a: Urshifu|Swords Dance|p1a: Urshifu
|-boost|p1a: Urshifu|atk|2
|
|-weather|RainDance|[upkeep]
|upkeep
|turn|6
|
|t:|1685932004
|move|p2a: Urshifu|Surging Strikes|p1a: Urshifu
|-resisted|p1a: Urshifu
|-crit|p1a: Urshifu
|-damage|p1a: Urshifu|43/100
|-resisted|p1a: Urshifu
|-crit|p1a: Urshifu
|-damage|p1a: Urshifu|30/100
|-resisted|p1a: Urshifu
|-crit|p1a: Urshifu
|-damage|p1a: Urshifu|15/100
|-hitcount|p1a: Urshifu|3
|move|p1a: Urshifu|Drain Punch|p2a: Urshifu
|-damage|p2a: Urshifu|0 fnt
|-heal|p1a: Urshifu|33/100|[from] drain|[of] p2a: Urshifu
|faint|p2a: Urshifu
|
|-weather|RainDance|[upkeep]
|upkeep
|inactive|x222y2 has 120 seconds left.
|
|t:|1685932031
|switch|p2a: Hydreigon|Hydreigon, M|100/100
|turn|7
|
|t:|1685932056
|move|p2a: Hydreigon|Earth Power|p1a: Urshifu
|-damage|p1a: Urshifu|0 fnt
|faint|p1a: Urshifu
|
|-weather|RainDance|[upkeep]
|upkeep
|
|t:|1685932060
|switch|p1a: Pelipper|Pelipper, F|100/100
|turn|8
|inactive|x222y2 has 120 seconds left.
|
|t:|1685932072
|move|p2a: Hydreigon|Nasty Plot|p2a: Hydreigon
|-boost|p2a: Hydreigon|spa|2
|move|p1a: Pelipper|U-turn|p2a: Hydreigon
|-supereffective|p2a: Hydreigon
|-damage|p2a: Hydreigon|81/100
|
|t:|1685932075
|switch|p1a: Hatterene|Hatterene, F|100/100|[from] U-turn
|
|-weather|none
|-heal|p2a: Hydreigon|87/100|[from] item: Leftovers
|upkeep
|turn|9
|inactive|x222y2 has 120 seconds left.
|
|t:|1685932091
|-terastallize|p2a: Hydreigon|Steel
|move|p2a: Hydreigon|Dark Pulse|p1a: Hatterene
|-damage|p1a: Hatterene|21/100
|-enditem|p1a: Hatterene|Eject Button
|
|t:|1685932096
|switch|p1a: Amoonguss|Amoonguss, F|100/100
|
|-heal|p2a: Hydreigon|93/100|[from] item: Leftovers
|upkeep
|turn|10
|
|t:|1685932102
|move|p2a: Hydreigon|Substitute|p2a: Hydreigon
|-start|p2a: Hydreigon|Substitute
|-damage|p2a: Hydreigon|68/100
|move|p1a: Amoonguss|Spore||[still]
|-fail|p1a: Amoonguss
|
|-heal|p2a: Hydreigon|74/100|[from] item: Leftovers
|upkeep
|turn|11
|-message|RiloBR forfeited.
|
|win|x222y2
|raw|RiloBR's rating: 1543 → 1524(-19 for losing)
|raw|x222y2's rating: 1567 → 1586(+19 for winning)
|l|☆RiloBR
