|j|☆LowLadderMadness
|j|☆Jskshxb
|t:|1685891326
|gametype|singles
|player|p1|LowLadderMadness|266|1126
|player|p2|Jskshxb|102|1135
|teamsize|p1|6
|teamsize|p2|6
|gen|9
|tier|[Gen 9] OU
|rated|
|rule|Sleep Clause Mod: Limit one foe put to sleep
|rule|Species Clause: Limit one of each Pokémon
|rule|OHKO Clause: OHKO moves are banned
|rule|Evasion Items Clause: Evasion items are banned
|rule|Evasion Moves Clause: Evasion moves are banned
|rule|Endless Battle Clause: Forcing endless battles is banned
|rule|HP Percentage Mod: HP is shown in percentages
|clearpoke
|poke|p1|Farigiraf, M|
|poke|p1|Great Tusk|
|poke|p1|Garganacl, F|
|poke|p1|Skeledirge, M|
|poke|p1|Iron Hands|
|poke|p1|Gholdengo|
|poke|p2|Urshifu-*, M|
|poke|p2|Magearna|
|poke|p2|Heatran, F|
|poke|p2|Zapdos|
|poke|p2|Kingambit, M|
|poke|p2|Great Tusk|
|teampreview
|
|t:|1685891341
|start
|switch|p1a: Iron Hands|Iron Hands|100/100
|switch|p2a: Urshifu|Urshifu-Rapid-Strike, M|100/100
|turn|1
|inactive|Battle timer is ON: inactive players will automatically lose when time's up. (requested by Jskshxb)
|
|t:|1685891352
|move|p1a: Iron Hands|Fake Out|p2a: Urshifu
|-damage|p2a: Urshifu|85/100
|cant|p2a: Urshifu|flinch
|
|upkeep
|turn|2
|
|t:|1685891358
|move|p2a: Urshifu|U-turn|p1a: Iron Hands
|-resisted|p1a: Iron Hands
|-damage|p1a: Iron Hands|92/100
|
|t:|1685891362
|switch|p2a: Magearna|Magearna|100/100|[from] U-turn
|move|p1a: Iron Hands|Thunder Punch|p2a: Magearna
|-damage|p2a: Magearna|58/100
|
|upkeep
|turn|3
|
|t:|1685891371
|move|p2a: Magearna|Fleur Cannon|p1a: Iron Hands
|-supereffective|p1a: Iron Hands
|-damage|p1a: Iron Hands|0 fnt
|-unboost|p2a: Magearna|spa|2
|faint|p1a: Iron Hands
|-ability|p2a: Magearna|Soul-Heart|boost
|-boost|p2a: Magearna|spa|1
|-end|p1a: Iron Hands|Quark Drive|[silent]
|
|upkeep
|
|t:|1685891376
|switch|p1a: Farigiraf|Farigiraf, M|100/100
|turn|4
|
|t:|1685891383
|switch|p2a: Kingambit|Kingambit, M|100/100
|move|p1a: Farigiraf|Agility|p1a: Farigiraf
|-boost|p1a: Farigiraf|spe|2
|
|upkeep
|turn|5
|
|t:|1685891391
|-terastallize|p1a: Farigiraf|Fighting
|move|p2a: Kingambit|Sucker Punch||[still]
|cant|p1a: Farigiraf|ability: Armor Tail|Sucker Punch|[of] p2a: Kingambit
|move|p1a: Farigiraf|Calm Mind|p1a: Farigiraf
|-boost|p1a: Farigiraf|spa|1
|-boost|p1a: Farigiraf|spd|1
|
|upkeep
|turn|6
|
|t:|1685891403
|-end|p2a: Kingambit|fallenundefined|[silent]
|switch|p2a: Zapdos|Zapdos|100/100
|move|p1a: Farigiraf|Agility|p1a: Farigiraf
|-boost|p1a: Farigiraf|spe|2
|
|upkeep
|turn|7
|
|t:|1685891410
|move|p1a: Farigiraf|Calm Mind|p1a: Farigiraf
|-boost|p1a: Farigiraf|spa|1
|-boost|p1a: Farigiraf|spd|1
|move|p2a: Zapdos|Hurricane|p1a: Farigiraf
|-supereffective|p1a: Farigiraf
|-damage|p1a: Farigiraf|52/100
|
|-heal|p1a: Farigiraf|58/100|[from] item: Leftovers
|upkeep
|turn|8
|
|t:|1685891420
|move|p1a: Farigiraf|Stored Power|p2a: Zapdos
|-damage|p2a: Zapdos|0 fnt
|faint|p2a: Zapdos
|
|-heal|p1a: Farigiraf|64/100|[from] item: Leftovers
|upkeep
|
|t:|1685891429
|switch|p2a: Kingambit|Kingambit, M|100/100
|-activate|p2a: Kingambit|ability: Supreme Overlord
|-start|p2a: Kingambit|fallen1|[silent]
|turn|9
|
|t:|1685891435
|-terastallize|p2a: Kingambit|Fairy
|move|p1a: Farigiraf|Tera Blast|p2a: Kingambit
|-resisted|p2a: Kingambit
|-damage|p2a: Kingambit|73/100
|move|p2a: Kingambit|Iron Head|p1a: Farigiraf
|-damage|p1a: Farigiraf|28/100
|
|-heal|p1a: Farigiraf|34/100|[from] item: Leftovers
|-heal|p2a: Kingambit|79/100|[from] item: Leftovers
|upkeep
|turn|10
|
|t:|1685891448
|move|p2a: Kingambit|Sucker Punch||[still]
|cant|p1a: Farigiraf|ability: Armor Tail|Sucker Punch|[of] p2a: Kingambit
|move|p1a: Farigiraf|Stored Power|p2a: Kingambit
|-crit|p2a: Kingambit
|-damage|p2a: Kingambit|0 fnt
|faint|p2a: Kingambit
|-end|p2a: Kingambit|fallen1|[silent]
|
|-heal|p1a: Farigiraf|40/100|[from] item: Leftovers
|upkeep
|-message|Jskshxb forfeited.
|
|win|LowLadderMadness
|raw|LowLadderMadness's rating: 1126 → 1152(+26 for winning)
|raw|Jskshxb's rating: 1135 → 1109(-26 for losing)
|l|☆Jskshxb
