|j|☆BigTigerWhu
|j|☆Kraton9000
|t:|1685840654
|gametype|singles
|player|p1|BigTigerWhu|102|1141
|player|p2|Kraton9000|roughneck|1161
|teamsize|p1|6
|teamsize|p2|6
|gen|9
|tier|[Gen 9] OU
|rated|
|rule|Sleep Clause Mod: Limit one foe put to sleep
|rule|Species Clause: Limit one of each Pokémon
|rule|OHKO Clause: OHKO moves are banned
|rule|Evasion Items Clause: Evasion items are banned
|rule|Evasion Moves Clause: Evasion moves are banned
|rule|Endless Battle Clause: Forcing endless battles is banned
|rule|HP Percentage Mod: HP is shown in percentages
|clearpoke
|poke|p1|Skeledirge, M|
|poke|p1|Amoonguss, F|
|poke|p1|Great Tusk|
|poke|p1|Rotom-Wash|
|poke|p1|Corviknight, M|
|poke|p1|Samurott-Hisui, M|
|poke|p2|Electrode-Hisui|
|poke|p2|Baxcalibur, M|
|poke|p2|Garganacl, M|
|poke|p2|Decidueye, M|
|poke|p2|Cresselia, F|
|poke|p2|Glimmora, F|
|teampreview
|inactive|Battle timer is ON: inactive players will automatically lose when time's up. (requested by Kraton9000)
|j| 5EternalNoob5
|j| memeu teamu
|inactive|BigTigerWhu has 120 seconds left.
|
|t:|1685840706
|start
|switch|p1a: Rotom|Rotom-Wash|100/100
|switch|p2a: Cresselia|Cresselia, F|100/100
|turn|1
|
|t:|1685840721
|move|p1a: Rotom|Trick|p2a: Cresselia
|-activate|p1a: Rotom|move: Trick|[of] p2a: Cresselia
|-item|p2a: Cresselia|Choice Scarf|[from] move: Trick
|-item|p1a: Rotom|Leftovers|[from] move: Trick
|move|p2a: Cresselia|Psychic|p1a: Rotom
|-damage|p1a: Rotom|67/100
|
|-heal|p1a: Rotom|73/100|[from] item: Leftovers
|upkeep
|turn|2
|
|t:|1685840729
|switch|p2a: Electrode|Electrode-Hisui|100/100
|move|p1a: Rotom|Volt Switch|p2a: Electrode
|-resisted|p2a: Electrode
|-damage|p2a: Electrode|92/100
|
|t:|1685840736
|switch|p1a: Amoonguss|Amoonguss, F|100/100|[from] Volt Switch
|
|-heal|p2a: Electrode|98/100|[from] item: Leftovers
|upkeep
|turn|3
|
|t:|1685840742
|move|p2a: Electrode|Volt Switch|p1a: Amoonguss
|-resisted|p1a: Amoonguss
|-damage|p1a: Amoonguss|92/100
|
|t:|1685840744
|switch|p2a: Garganacl|Garganacl, M|100/100|[from] Volt Switch
|move|p1a: Amoonguss|Giga Drain|p2a: Garganacl
|-supereffective|p2a: Garganacl
|-damage|p2a: Garganacl|54/100
|-heal|p1a: Amoonguss|100/100|[from] drain|[of] p2a: Garganacl
|
|-heal|p2a: Garganacl|61/100|[from] item: Leftovers
|upkeep
|turn|4
|
|t:|1685840757
|switch|p1a: Samurott|Samurott-Hisui, M|100/100
|move|p2a: Garganacl|Salt Cure|p1a: Samurott
|-damage|p1a: Samurott|81/100
|-start|p1a: Samurott|Salt Cure
|
|-heal|p2a: Garganacl|67/100|[from] item: Leftovers
|-damage|p1a: Samurott|57/100|[from] Salt Cure
|upkeep
|turn|5
|l| 5EternalNoob5
|
|t:|1685840776
|move|p2a: Garganacl|Protect|p2a: Garganacl
|-singleturn|p2a: Garganacl|Protect
|move|p1a: Samurott|Razor Shell|p2a: Garganacl
|-activate|p2a: Garganacl|move: Protect
|
|-heal|p2a: Garganacl|73/100|[from] item: Leftovers
|-damage|p1a: Samurott|32/100|[from] Salt Cure
|upkeep
|turn|6
|
|t:|1685840788
|switch|p1a: Great Tusk|Great Tusk|100/100
|switch|p2a: Electrode|Electrode-Hisui|98/100
|
|-heal|p2a: Electrode|100/100|[from] item: Leftovers
|upkeep
|turn|7
|
|t:|1685840799
|-end|p1a: Great Tusk|Protosynthesis|[silent]
|switch|p1a: Amoonguss|Amoonguss, F|100/100
|move|p2a: Electrode|Leech Seed|p1a: Amoonguss
|-immune|p1a: Amoonguss
|
|upkeep
|turn|8
|
|t:|1685840807
|move|p2a: Electrode|Thunder Wave|p1a: Amoonguss
|-status|p1a: Amoonguss|par
|move|p1a: Amoonguss|Giga Drain|p2a: Electrode
|-resisted|p2a: Electrode
|-damage|p2a: Electrode|87/100
|
|-heal|p2a: Electrode|93/100|[from] item: Leftovers
|upkeep
|turn|9
|
|t:|1685840815
|move|p2a: Electrode|Volt Switch|p1a: Amoonguss
|-resisted|p1a: Amoonguss
|-damage|p1a: Amoonguss|91/100 par
|
|t:|1685840818
|switch|p2a: Cresselia|Cresselia, F|100/100|[from] Volt Switch
|cant|p1a: Amoonguss|par
|
|upkeep
|turn|10
|
|t:|1685840826
|switch|p1a: Corviknight|Corviknight, M|100/100
|-ability|p1a: Corviknight|Pressure
|move|p2a: Cresselia|Psychic|p1a: Corviknight
|-resisted|p1a: Corviknight
|-crit|p1a: Corviknight
|-damage|p1a: Corviknight|76/100
|
|-heal|p1a: Corviknight|82/100|[from] item: Leftovers
|upkeep
|turn|11
|inactive|BigTigerWhu has 120 seconds left.
|
|t:|1685840862
|switch|p2a: Electrode|Electrode-Hisui|93/100
|switch|p1a: Samurott|Samurott-Hisui, M|32/100
|
|-heal|p2a: Electrode|99/100|[from] item: Leftovers
|upkeep
|turn|12
|inactive|BigTigerWhu has 120 seconds left.
|
|t:|1685840881
|switch|p1a: Amoonguss|Amoonguss, F|100/100 par
|move|p2a: Electrode|Leech Seed|p1a: Amoonguss
|-immune|p1a: Amoonguss
|
|-heal|p2a: Electrode|100/100|[from] item: Leftovers
|upkeep
|turn|13
|
|t:|1685840901
|switch|p1a: Skeledirge|Skeledirge, M|100/100
|move|p2a: Electrode|Volt Switch|p1a: Skeledirge
|-damage|p1a: Skeledirge|87/100
|
|t:|1685840914
|switch|p2a: Decidueye|Decidueye, M|100/100|[from] Volt Switch
|
|-heal|p1a: Skeledirge|93/100|[from] item: Leftovers
|upkeep
|turn|14
|
|t:|1685840921
|switch|p1a: Amoonguss|Amoonguss, F|100/100 par
|move|p2a: Decidueye|Spirit Shackle|p1a: Amoonguss
|-crit|p1a: Amoonguss
|-damage|p1a: Amoonguss|57/100 par
|-activate|p1a: Amoonguss|trapped
|
|upkeep
|turn|15
|
|t:|1685840932
|move|p2a: Decidueye|U-turn|p1a: Amoonguss
|-damage|p1a: Amoonguss|40/100 par
|-damage|p2a: Decidueye|84/100|[from] item: Rocky Helmet|[of] p1a: Amoonguss
|
|t:|1685840934
|switch|p2a: Cresselia|Cresselia, F|100/100|[from] U-turn
|move|p1a: Amoonguss|Sludge Bomb|p2a: Cresselia
|-damage|p2a: Cresselia|82/100
|
|upkeep
|turn|16
|inactive|BigTigerWhu has 120 seconds left.
|
|t:|1685840956
|switch|p1a: Skeledirge|Skeledirge, M|93/100
|move|p2a: Cresselia|Psychic|p1a: Skeledirge
|-damage|p1a: Skeledirge|70/100
|
|-heal|p1a: Skeledirge|76/100|[from] item: Leftovers
|upkeep
|turn|17
|
|t:|1685840965
|switch|p2a: Garganacl|Garganacl, M|73/100
|move|p1a: Skeledirge|Torch Song|p2a: Garganacl
|-resisted|p2a: Garganacl
|-damage|p2a: Garganacl|60/100
|-boost|p1a: Skeledirge|spa|1
|
|-heal|p1a: Skeledirge|82/100|[from] item: Leftovers
|-heal|p2a: Garganacl|67/100|[from] item: Leftovers
|upkeep
|turn|18
|
|t:|1685840983
|switch|p1a: Great Tusk|Great Tusk|100/100
|move|p2a: Garganacl|Stealth Rock|p1a: Great Tusk
|-sidestart|p1: BigTigerWhu|move: Stealth Rock
|
|-heal|p2a: Garganacl|73/100|[from] item: Leftovers
|upkeep
|turn|19
|
|t:|1685840990
|switch|p2a: Cresselia|Cresselia, F|82/100
|move|p1a: Great Tusk|Rapid Spin|p2a: Cresselia
|-damage|p2a: Cresselia|72/100
|-boost|p1a: Great Tusk|spe|1
|-sideend|p1: BigTigerWhu|Stealth Rock|[from] move: Rapid Spin|[of] p1a: Great Tusk
|
|upkeep
|turn|20
|
|t:|1685841005
|-end|p1a: Great Tusk|Protosynthesis|[silent]
|switch|p1a: Samurott|Samurott-Hisui, M|32/100
|move|p2a: Cresselia|Psychic|p1a: Samurott
|-immune|p1a: Samurott
|
|upkeep
|turn|21
|
|t:|1685841013
|switch|p2a: Electrode|Electrode-Hisui|100/100
|move|p1a: Samurott|Razor Shell|p2a: Electrode
|-resisted|p2a: Electrode
|-damage|p2a: Electrode|43/100
|-unboost|p2a: Electrode|def|1
|-status|p1a: Samurott|par|[from] ability: Static|[of] p2a: Electrode
|
|-heal|p2a: Electrode|49/100|[from] item: Leftovers
|upkeep
|turn|22
|inactive|BigTigerWhu has 120 seconds left.
|
|t:|1685841035
|move|p2a: Electrode|Protect|p2a: Electrode
|-singleturn|p2a: Electrode|Protect
|move|p1a: Samurott|Razor Shell|p2a: Electrode
|-activate|p2a: Electrode|move: Protect
|
|-heal|p2a: Electrode|55/100|[from] item: Leftovers
|upkeep
|turn|23
|
|t:|1685841042
|switch|p1a: Great Tusk|Great Tusk|100/100
|move|p2a: Electrode|Volt Switch|p1a: Great Tusk
|-immune|p1a: Great Tusk
|
|-heal|p2a: Electrode|62/100|[from] item: Leftovers
|upkeep
|turn|24
|
|t:|1685841055
|switch|p2a: Glimmora|Glimmora, F|100/100
|-item|p2a: Glimmora|Air Balloon
|move|p1a: Great Tusk|Stealth Rock|p2a: Glimmora
|-sidestart|p2: Kraton9000|move: Stealth Rock
|
|upkeep
|turn|25
|inactive|BigTigerWhu has 120 seconds left.
|
|t:|1685841084
|-end|p1a: Great Tusk|Protosynthesis|[silent]
|switch|p1a: Corviknight|Corviknight, M|82/100
|-ability|p1a: Corviknight|Pressure
|move|p2a: Glimmora|Toxic|p1a: Corviknight
|-status|p1a: Corviknight|tox
|
|-heal|p1a: Corviknight|88/100 tox|[from] item: Leftovers
|-damage|p1a: Corviknight|82/100 tox|[from] psn
|upkeep
|turn|26
|
|t:|1685841100
|move|p2a: Glimmora|Spiky Shield|p2a: Glimmora
|-singleturn|p2a: Glimmora|move: Protect
|move|p1a: Corviknight|U-turn|p2a: Glimmora
|-activate|p2a: Glimmora|move: Protect
|-damage|p1a: Corviknight|70/100 tox|[from] Spiky Shield|[of] p2a: Glimmora
|
|-heal|p1a: Corviknight|76/100 tox|[from] item: Leftovers
|-damage|p1a: Corviknight|64/100 tox|[from] psn
|upkeep
|turn|27
|
|t:|1685841115
|move|p2a: Glimmora|Toxic|p1a: Corviknight
|-fail|p1a: Corviknight|tox
|move|p1a: Corviknight|Roost|p1a: Corviknight
|-heal|p1a: Corviknight|100/100 tox
|-singleturn|p1a: Corviknight|move: Roost
|
|-damage|p1a: Corviknight|82/100 tox|[from] psn
|upkeep
|turn|28
|
|t:|1685841127
|switch|p1a: Samurott|Samurott-Hisui, M|32/100 par
|move|p2a: Glimmora|Spiky Shield||[still]
|-fail|p2a: Glimmora
|
|upkeep
|turn|29
|
|t:|1685841134
|switch|p1a: Corviknight|Corviknight, M|82/100 tox
|-ability|p1a: Corviknight|Pressure
|move|p2a: Glimmora|Spiky Shield||[still]
|-fail|p2a: Glimmora
|
|-heal|p1a: Corviknight|88/100 tox|[from] item: Leftovers
|-damage|p1a: Corviknight|82/100 tox|[from] psn
|upkeep
|turn|30
|
|t:|1685841150
|switch|p1a: Samurott|Samurott-Hisui, M|32/100 par
|move|p2a: Glimmora|Spiky Shield||[still]
|-fail|p2a: Glimmora
|
|upkeep
|turn|31
|
|t:|1685841157
|switch|p1a: Corviknight|Corviknight, M|82/100 tox
|-ability|p1a: Corviknight|Pressure
|move|p2a: Glimmora|Power Gem|p1a: Corviknight
|-damage|p1a: Corviknight|40/100 tox
|
|-heal|p1a: Corviknight|46/100 tox|[from] item: Leftovers
|-damage|p1a: Corviknight|40/100 tox|[from] psn
|upkeep
|turn|32
|
|t:|1685841174
|switch|p1a: Amoonguss|Amoonguss, F|73/100 par
|move|p2a: Glimmora|Power Gem|p1a: Amoonguss
|-damage|p1a: Amoonguss|33/100 par
|
|upkeep
|turn|33
|inactive|BigTigerWhu has 90 seconds left.
|
|t:|1685841194
|switch|p1a: Samurott|Samurott-Hisui, M|32/100 par
|move|p2a: Glimmora|Power Gem|p1a: Samurott
|-damage|p1a: Samurott|0 fnt
|faint|p1a: Samurott
|
|upkeep
|
|t:|1685841201
|switch|p1a: Rotom|Rotom-Wash|73/100
|turn|34
|
|t:|1685841214
|switch|p2a: Electrode|Electrode-Hisui|62/100
|-damage|p2a: Electrode|49/100|[from] Stealth Rock
|move|p1a: Rotom|Hydro Pump|p2a: Electrode
|-resisted|p2a: Electrode
|-damage|p2a: Electrode|23/100
|
|-heal|p2a: Electrode|29/100|[from] item: Leftovers
|-heal|p1a: Rotom|79/100|[from] item: Leftovers
|upkeep
|turn|35
|
|t:|1685841223
|move|p2a: Electrode|Leech Seed|p1a: Rotom
|-start|p1a: Rotom|move: Leech Seed
|move|p1a: Rotom|Volt Switch|p2a: Electrode
|-resisted|p2a: Electrode
|-damage|p2a: Electrode|21/100
|
|t:|1685841237
|switch|p1a: Great Tusk|Great Tusk|100/100|[from] Volt Switch
|
|-heal|p2a: Electrode|27/100|[from] item: Leftovers
|upkeep
|turn|36
|
|t:|1685841244
|move|p2a: Electrode|Protect|p2a: Electrode
|-singleturn|p2a: Electrode|Protect
|move|p1a: Great Tusk|Rapid Spin|p2a: Electrode
|-activate|p2a: Electrode|move: Protect
|
|-heal|p2a: Electrode|34/100|[from] item: Leftovers
|upkeep
|turn|37
|
|t:|1685841253
|switch|p2a: Decidueye|Decidueye, M|84/100
|-damage|p2a: Decidueye|71/100|[from] Stealth Rock
|move|p1a: Great Tusk|Earthquake|p2a: Decidueye
|-resisted|p2a: Decidueye
|-damage|p2a: Decidueye|42/100
|
|upkeep
|turn|38
|
|t:|1685841265
|move|p1a: Great Tusk|Knock Off|p2a: Decidueye
|-supereffective|p2a: Decidueye
|-damage|p2a: Decidueye|0 fnt
|-enditem|p2a: Decidueye|Assault Vest|[from] move: Knock Off|[of] p1a: Great Tusk
|faint|p2a: Decidueye
|
|upkeep
|
|t:|1685841274
|switch|p2a: Garganacl|Garganacl, M|73/100
|-damage|p2a: Garganacl|60/100|[from] Stealth Rock
|turn|39
|
|t:|1685841280
|-terastallize|p2a: Garganacl|Ghost
|move|p1a: Great Tusk|Knock Off|p2a: Garganacl
|-supereffective|p2a: Garganacl
|-damage|p2a: Garganacl|30/100
|-enditem|p2a: Garganacl|Leftovers|[from] move: Knock Off|[of] p1a: Great Tusk
|move|p2a: Garganacl|Stealth Rock|p1a: Great Tusk
|-sidestart|p1: BigTigerWhu|move: Stealth Rock
|
|upkeep
|turn|40
|inactive|BigTigerWhu has 120 seconds left.
|
|t:|1685841297
|move|p1a: Great Tusk|Earthquake|p2a: Garganacl
|-damage|p2a: Garganacl|10/100
|move|p2a: Garganacl|Recover|p2a: Garganacl
|-heal|p2a: Garganacl|60/100
|
|upkeep
|turn|41
|
|t:|1685841311
|-end|p1a: Great Tusk|Protosynthesis|[silent]
|switch|p1a: Skeledirge|Skeledirge, M|82/100
|-damage|p1a: Skeledirge|57/100|[from] Stealth Rock
|move|p2a: Garganacl|Recover|p2a: Garganacl
|-heal|p2a: Garganacl|100/100
|
|-heal|p1a: Skeledirge|63/100|[from] item: Leftovers
|upkeep
|turn|42
|
|t:|1685841326
|-terastallize|p1a: Skeledirge|Fairy
|move|p1a: Skeledirge|Torch Song|p2a: Garganacl
|-damage|p2a: Garganacl|74/100
|-boost|p1a: Skeledirge|spa|1
|move|p2a: Garganacl|Salt Cure|p1a: Skeledirge
|-damage|p1a: Skeledirge|52/100
|-start|p1a: Skeledirge|Salt Cure
|
|-heal|p1a: Skeledirge|58/100|[from] item: Leftovers
|-damage|p1a: Skeledirge|46/100|[from] Salt Cure
|upkeep
|turn|43
|
|t:|1685841338
|move|p2a: Garganacl|Protect|p2a: Garganacl
|-singleturn|p2a: Garganacl|Protect
|move|p1a: Skeledirge|Slack Off|p1a: Skeledirge
|-heal|p1a: Skeledirge|96/100
|
|-heal|p1a: Skeledirge|100/100|[from] item: Leftovers
|-damage|p1a: Skeledirge|88/100|[from] Salt Cure
|upkeep
|turn|44
|
|t:|1685841346
|switch|p2a: Glimmora|Glimmora, F|100/100
|-damage|p2a: Glimmora|88/100|[from] Stealth Rock
|-item|p2a: Glimmora|Air Balloon
|move|p1a: Skeledirge|Torch Song|p2a: Glimmora
|-resisted|p2a: Glimmora
|-damage|p2a: Glimmora|65/100
|-boost|p1a: Skeledirge|spa|1
|-enditem|p2a: Glimmora|Air Balloon
|
|-heal|p1a: Skeledirge|94/100|[from] item: Leftovers
|-damage|p1a: Skeledirge|82/100|[from] Salt Cure
|upkeep
|turn|45
|inactive|BigTigerWhu has 120 seconds left.
|inactive|BigTigerWhu has 90 seconds left.
|
|t:|1685841393
|switch|p1a: Rotom|Rotom-Wash|79/100
|-damage|p1a: Rotom|67/100|[from] Stealth Rock
|move|p2a: Glimmora|Toxic|p1a: Rotom
|-status|p1a: Rotom|tox
|
|-heal|p1a: Rotom|73/100 tox|[from] item: Leftovers
|-damage|p1a: Rotom|67/100 tox|[from] psn
|upkeep
|turn|46
|
|t:|1685841408
|move|p2a: Glimmora|Spiky Shield|p2a: Glimmora
|-singleturn|p2a: Glimmora|move: Protect
|move|p1a: Rotom|Hydro Pump|p2a: Glimmora
|-activate|p2a: Glimmora|move: Protect
|
|-heal|p1a: Rotom|73/100 tox|[from] item: Leftovers
|-damage|p1a: Rotom|61/100 tox|[from] psn
|upkeep
|turn|47
|
|t:|1685841415
|switch|p2a: Cresselia|Cresselia, F|72/100
|-damage|p2a: Cresselia|60/100|[from] Stealth Rock
|move|p1a: Rotom|Volt Switch|p2a: Cresselia
|-damage|p2a: Cresselia|45/100
|
|t:|1685841422
|switch|p1a: Skeledirge|Skeledirge, M, tera:Fairy|82/100|[from] Volt Switch
|-damage|p1a: Skeledirge|69/100|[from] Stealth Rock
|
|-heal|p1a: Skeledirge|75/100|[from] item: Leftovers
|upkeep
|turn|48
|inactive|BigTigerWhu has 90 seconds left.
|
|t:|1685841433
|move|p2a: Cresselia|Calm Mind|p2a: Cresselia
|-boost|p2a: Cresselia|spa|1
|-boost|p2a: Cresselia|spd|1
|move|p1a: Skeledirge|Torch Song|p2a: Cresselia
|-damage|p2a: Cresselia|25/100
|-boost|p1a: Skeledirge|spa|1
|
|-heal|p1a: Skeledirge|82/100|[from] item: Leftovers
|upkeep
|turn|49
|inactive|BigTigerWhu has 90 seconds left.
|
|t:|1685841455
|switch|p2a: Glimmora|Glimmora, F|65/100
|-damage|p2a: Glimmora|52/100|[from] Stealth Rock
|move|p1a: Skeledirge|Torch Song|p2a: Glimmora
|-resisted|p2a: Glimmora
|-damage|p2a: Glimmora|27/100
|-boost|p1a: Skeledirge|spa|1
|
|-heal|p1a: Skeledirge|88/100|[from] item: Leftovers
|upkeep
|turn|50
|inactive|BigTigerWhu has 90 seconds left.
|
|t:|1685841472
|switch|p1a: Corviknight|Corviknight, M|40/100 tox
|-damage|p1a: Corviknight|27/100 tox|[from] Stealth Rock
|-ability|p1a: Corviknight|Pressure
|move|p2a: Glimmora|Power Gem|p1a: Corviknight
|-damage|p1a: Corviknight|0 fnt
|faint|p1a: Corviknight
|
|upkeep
|
|t:|1685841480
|switch|p1a: Rotom|Rotom-Wash|61/100 tox
|-damage|p1a: Rotom|48/100 tox|[from] Stealth Rock
|turn|51
|
|t:|1685841485
|switch|p2a: Electrode|Electrode-Hisui|34/100
|-damage|p2a: Electrode|21/100|[from] Stealth Rock
|move|p1a: Rotom|Hydro Pump|p2a: Electrode
|-resisted|p2a: Electrode
|-damage|p2a: Electrode|0 fnt
|faint|p2a: Electrode
|
|-heal|p1a: Rotom|54/100 tox|[from] item: Leftovers
|-damage|p1a: Rotom|48/100 tox|[from] psn
|upkeep
|
|t:|1685841491
|switch|p2a: Garganacl|Garganacl, M, tera:Ghost|74/100
|-damage|p2a: Garganacl|61/100|[from] Stealth Rock
|turn|52
|
|t:|1685841499
|move|p1a: Rotom|Volt Switch|p2a: Garganacl
|-damage|p2a: Garganacl|38/100
|
|t:|1685841510
|switch|p1a: Skeledirge|Skeledirge, M, tera:Fairy|88/100|[from] Volt Switch
|-damage|p1a: Skeledirge|75/100|[from] Stealth Rock
|move|p2a: Garganacl|Recover|p2a: Garganacl
|-heal|p2a: Garganacl|88/100
|
|-heal|p1a: Skeledirge|81/100|[from] item: Leftovers
|upkeep
|turn|53
|
|t:|1685841519
|switch|p2a: Baxcalibur|Baxcalibur, M|100/100
|-damage|p2a: Baxcalibur|76/100|[from] Stealth Rock
|move|p1a: Skeledirge|Torch Song|p2a: Baxcalibur
|-damage|p2a: Baxcalibur|49/100
|-boost|p1a: Skeledirge|spa|1
|-ability|p2a: Baxcalibur|Thermal Exchange|boost
|-boost|p2a: Baxcalibur|atk|1
|
|-heal|p1a: Skeledirge|87/100|[from] item: Leftovers
|upkeep
|turn|54
|inactive|Kraton9000 has 120 seconds left.
|
|t:|1685841549
|move|p2a: Baxcalibur|Ice Shard|p1a: Skeledirge
|-damage|p1a: Skeledirge|58/100
|move|p1a: Skeledirge|Torch Song|p2a: Baxcalibur
|-damage|p2a: Baxcalibur|7/100
|-boost|p1a: Skeledirge|spa|1
|-ability|p2a: Baxcalibur|Thermal Exchange|boost
|-boost|p2a: Baxcalibur|atk|1
|
|-heal|p1a: Skeledirge|64/100|[from] item: Leftovers
|upkeep
|turn|55
|
|t:|1685841559
|move|p2a: Baxcalibur|Ice Shard|p1a: Skeledirge
|-damage|p1a: Skeledirge|30/100
|move|p1a: Skeledirge|Slack Off|p1a: Skeledirge
|-heal|p1a: Skeledirge|81/100
|
|-heal|p1a: Skeledirge|87/100|[from] item: Leftovers
|upkeep
|turn|56
|
|t:|1685841566
|move|p2a: Baxcalibur|Ice Shard|p1a: Skeledirge
|-damage|p1a: Skeledirge|54/100
|move|p1a: Skeledirge|Slack Off|p1a: Skeledirge
|-heal|p1a: Skeledirge|100/100
|
|upkeep
|turn|57
|
|t:|1685841573
|move|p2a: Baxcalibur|Ice Shard|p1a: Skeledirge
|-damage|p1a: Skeledirge|70/100
|move|p1a: Skeledirge|Torch Song|p2a: Baxcalibur
|-damage|p2a: Baxcalibur|0 fnt
|-boost|p1a: Skeledirge|spa|1
|faint|p2a: Baxcalibur
|
|-heal|p1a: Skeledirge|76/100|[from] item: Leftovers
|upkeep
|
|t:|1685841578
|switch|p2a: Garganacl|Garganacl, M, tera:Ghost|88/100
|-damage|p2a: Garganacl|76/100|[from] Stealth Rock
|turn|58
|
|t:|1685841586
|move|p1a: Skeledirge|Torch Song|p2a: Garganacl
|-damage|p2a: Garganacl|11/100
|-boost|p1a: Skeledirge|spa|1
|move|p2a: Garganacl|Salt Cure|p1a: Skeledirge
|-damage|p1a: Skeledirge|65/100
|-start|p1a: Skeledirge|Salt Cure
|
|-heal|p1a: Skeledirge|71/100|[from] item: Leftovers
|-damage|p1a: Skeledirge|59/100|[from] Salt Cure
|upkeep
|turn|59
|
|t:|1685841596
|move|p1a: Skeledirge|Slack Off|p1a: Skeledirge
|-heal|p1a: Skeledirge|100/100
|move|p2a: Garganacl|Recover|p2a: Garganacl
|-heal|p2a: Garganacl|61/100
|
|-damage|p1a: Skeledirge|88/100|[from] Salt Cure
|upkeep
|turn|60
|
|t:|1685841603
|move|p2a: Garganacl|Protect|p2a: Garganacl
|-singleturn|p2a: Garganacl|Protect
|move|p1a: Skeledirge|Torch Song|p2a: Garganacl
|-activate|p2a: Garganacl|move: Protect
|
|-heal|p1a: Skeledirge|94/100|[from] item: Leftovers
|-damage|p1a: Skeledirge|82/100|[from] Salt Cure
|upkeep
|turn|61
|
|t:|1685841610
|move|p1a: Skeledirge|Torch Song|p2a: Garganacl
|-damage|p2a: Garganacl|0 fnt
|-boost|p1a: Skeledirge|spa|1
|faint|p2a: Garganacl
|
|-heal|p1a: Skeledirge|88/100|[from] item: Leftovers
|-damage|p1a: Skeledirge|75/100|[from] Salt Cure
|upkeep
|
|t:|1685841615
|switch|p2a: Cresselia|Cresselia, F|25/100
|-damage|p2a: Cresselia|12/100|[from] Stealth Rock
|turn|62
|
|t:|1685841621
|move|p2a: Cresselia|Thunderbolt|p1a: Skeledirge
|-damage|p1a: Skeledirge|58/100
|move|p1a: Skeledirge|Slack Off|p1a: Skeledirge
|-heal|p1a: Skeledirge|100/100
|
|-damage|p1a: Skeledirge|88/100|[from] Salt Cure
|upkeep
|turn|63
|
|t:|1685841628
|move|p2a: Cresselia|Thunderbolt|p1a: Skeledirge
|-damage|p1a: Skeledirge|72/100
|move|p1a: Skeledirge|Torch Song|p2a: Cresselia
|-damage|p2a: Cresselia|0 fnt
|-boost|p1a: Skeledirge|spa|1
|faint|p2a: Cresselia
|
|-heal|p1a: Skeledirge|78/100|[from] item: Leftovers
|-damage|p1a: Skeledirge|65/100|[from] Salt Cure
|upkeep
|
|t:|1685841631
|switch|p2a: Glimmora|Glimmora, F|27/100
|-damage|p2a: Glimmora|15/100|[from] Stealth Rock
|turn|64
|
|t:|1685841642
|move|p2a: Glimmora|Toxic|p1a: Skeledirge
|-status|p1a: Skeledirge|tox
|move|p1a: Skeledirge|Torch Song|p2a: Glimmora
|-resisted|p2a: Glimmora
|-damage|p2a: Glimmora|0 fnt
|faint|p2a: Glimmora
|
|win|BigTigerWhu
|raw|BigTigerWhu's rating: 1141 → 1167(+26 for winning)
|raw|Kraton9000's rating: 1161 → 1135(-26 for losing)
|c|☆BigTigerWhu|gg
|l|☆Kraton9000
