|j|☆Laprasrules12
|j|☆halfdivine
|t:|1685831438
|gametype|singles
|player|p1|Laprasrules12|lusamine-nihilego|
|player|p2|halfdivine|102|
|teamsize|p1|6
|teamsize|p2|6
|gen|9
|tier|[Gen 9] OU
|rule|Sleep Clause Mod: Limit one foe put to sleep
|rule|Species Clause: Limit one of each Pokémon
|rule|OHKO Clause: OHKO moves are banned
|rule|Evasion Items Clause: Evasion items are banned
|rule|Evasion Moves Clause: Evasion moves are banned
|rule|Endless Battle Clause: Forcing endless battles is banned
|rule|HP Percentage Mod: HP is shown in percentages
|clearpoke
|poke|p1|Corviknight, M|
|poke|p1|Moltres-Galar|
|poke|p1|Maushold|
|poke|p1|Primeape, M|
|poke|p1|Dragapult, F|
|poke|p1|Electrode-Hisui|
|poke|p2|Glimmora, M|
|poke|p2|Talonflame, M|
|poke|p2|Meowscarada, M|
|poke|p2|Kingambit, M|
|poke|p2|Scream Tail|
|poke|p2|Rotom-Heat|
|teampreview
|inactive|Battle timer is ON: inactive players will automatically lose when time's up. (requested by Laprasrules12)
|j| EeveeKnight15
|j| Shammoo Shaman
|inactive|halfdivine has 270 seconds left.
|j| Britzler
|c|☆Laprasrules12|Full house here
|c|☆halfdivine|ye
|
|t:|1685831498
|start
|switch|p1a: Honorary Prankster|Electrode-Hisui, shiny|100/100
|switch|p2a: Glimmora|Glimmora, M|100/100
|turn|1
|
|t:|1685831507
|move|p2a: Glimmora|Sludge Wave|p1a: Honorary Prankster
|-supereffective|p1a: Honorary Prankster
|-enditem|p1a: Honorary Prankster|Focus Sash
|-damage|p1a: Honorary Prankster|1/100
|move|p1a: Honorary Prankster|Taunt|p2a: Glimmora
|-start|p2a: Glimmora|move: Taunt
|
|upkeep
|turn|2
|c|☆Laprasrules12|Damn
|
|t:|1685831523
|switch|p1a: Dave|Corviknight, M, shiny|100/100
|-ability|p1a: Dave|Pressure
|move|p2a: Glimmora|Sludge Wave|p1a: Dave
|-immune|p1a: Dave
|
|upkeep
|turn|3
|inactive|halfdivine has 270 seconds left.
|
|t:|1685831554
|switch|p2a: Rotom|Rotom-Heat|100/100
|move|p1a: Dave|U-turn|p2a: Rotom
|-resisted|p2a: Rotom
|-damage|p2a: Rotom|91/100
|
|t:|1685831564
|switch|p1a: Chinese Family|Maushold, shiny|100/100|[from] U-turn
|
|upkeep
|turn|4
|c| EeveeKnight15|Oh
|
|t:|1685831569
|move|p1a: Chinese Family|Tidy Up|p1a: Chinese Family
|-boost|p1a: Chinese Family|atk|1
|-boost|p1a: Chinese Family|spe|1
|move|p2a: Rotom|Volt Switch|p1a: Chinese Family
|-damage|p1a: Chinese Family|50/100
|inactive|halfdivine has 270 seconds left.
|
|t:|1685831589
|switch|p2a: Kingambit|Kingambit, M|100/100|[from] Volt Switch
|
|upkeep
|turn|5
|
|t:|1685831594
|move|p2a: Kingambit|Sucker Punch||[still]
|-fail|p2a: Kingambit
|move|p1a: Chinese Family|Tidy Up|p1a: Chinese Family
|-boost|p1a: Chinese Family|atk|1
|-boost|p1a: Chinese Family|spe|1
|
|upkeep
|turn|6
|
|t:|1685831602
|move|p1a: Chinese Family|Low Kick|p2a: Kingambit
|-supereffective|p2a: Kingambit
|-damage|p2a: Kingambit|0 fnt
|-damage|p1a: Chinese Family|33/100|[from] item: Rocky Helmet|[of] p2a: Kingambit
|faint|p2a: Kingambit
|-end|p2a: Kingambit|fallenundefined|[silent]
|
|upkeep
|inactive|halfdivine has 270 seconds left.
|
|t:|1685831622
|switch|p2a: Rotom|Rotom-Heat|91/100
|turn|7
|
|t:|1685831626
|move|p1a: Chinese Family|Population Bomb|p2a: Rotom
|-damage|p2a: Rotom|60/100
|-damage|p2a: Rotom|31/100
|-damage|p2a: Rotom|3/100
|-damage|p2a: Rotom|0 fnt
|faint|p2a: Rotom
|-hitcount|p2: Rotom|4
|
|upkeep
|c| EeveeKnight15|This might be a sweep
|inactive|halfdivine has 270 seconds left.
|
|t:|1685831640
|switch|p2a: Glimmora|Glimmora, M|100/100
|turn|8
|
|t:|1685831647
|move|p1a: Chinese Family|Population Bomb|p2a: Glimmora
|-resisted|p2a: Glimmora
|-crit|p2a: Glimmora
|-damage|p2a: Glimmora|80/100
|-activate|p2a: Glimmora|ability: Toxic Debris
|-sidestart|p1: Laprasrules12|move: Toxic Spikes
|-resisted|p2a: Glimmora
|-damage|p2a: Glimmora|67/100
|-activate|p2a: Glimmora|ability: Toxic Debris
|-sidestart|p1: Laprasrules12|move: Toxic Spikes
|-resisted|p2a: Glimmora
|-damage|p2a: Glimmora|54/100
|-resisted|p2a: Glimmora
|-damage|p2a: Glimmora|42/100
|-resisted|p2a: Glimmora
|-damage|p2a: Glimmora|29/100
|-resisted|p2a: Glimmora
|-damage|p2a: Glimmora|16/100
|-resisted|p2a: Glimmora
|-damage|p2a: Glimmora|4/100
|-resisted|p2a: Glimmora
|-damage|p2a: Glimmora|0 fnt
|faint|p2a: Glimmora
|-hitcount|p2: Glimmora|8
|
|upkeep
|inactive|halfdivine has 270 seconds left.
|c| Shammoo Shaman|Big crit
|c|☆Laprasrules12|Yeah
|
|t:|1685831678
|switch|p2a: Talonflame|Talonflame, M|100/100
|turn|9
|
|t:|1685831688
|move|p1a: Chinese Family|Tidy Up|p1a: Chinese Family
|-sideend|p1: Laprasrules12|Toxic Spikes
|-activate|p1a: Chinese Family|move: Tidy Up
|-boost|p1a: Chinese Family|atk|1
|-boost|p1a: Chinese Family|spe|1
|move|p2a: Talonflame|Brave Bird|p1a: Chinese Family
|-damage|p1a: Chinese Family|0 fnt
|faint|p1a: Chinese Family
|-damage|p2a: Talonflame|90/100|[from] Recoil
|
|upkeep
|
|t:|1685831692
|switch|p1a: Nac's Cellmate|Primeape, M, shiny|100/100
|turn|10
|c| Shammoo Shaman|Uh
|c| Shammoo Shaman|Chief
|inactive|halfdivine has 270 seconds left.
|c| Shammoo Shaman|Huh
|c| EeveeKnight15|Interesting
|c|☆Laprasrules12|Misclick
|
|t:|1685831719
|-terastallize|p1a: Nac's Cellmate|Poison
|move|p2a: Talonflame|Brave Bird|p1a: Nac's Cellmate
|-damage|p1a: Nac's Cellmate|65/100
|-damage|p2a: Talonflame|77/100|[from] Recoil
|move|p1a: Nac's Cellmate|Bulk Up|p1a: Nac's Cellmate
|-boost|p1a: Nac's Cellmate|atk|1
|-boost|p1a: Nac's Cellmate|def|1
|
|upkeep
|turn|11
|
|t:|1685831732
|move|p2a: Talonflame|Taunt|p1a: Nac's Cellmate
|-start|p1a: Nac's Cellmate|move: Taunt
|move|p1a: Nac's Cellmate|Rage Fist|p2a: Talonflame
|-damage|p2a: Talonflame|14/100
|
|upkeep
|turn|12
|
|t:|1685831739
|move|p2a: Talonflame|Brave Bird|p1a: Nac's Cellmate
|-damage|p1a: Nac's Cellmate|43/100
|-damage|p2a: Talonflame|6/100|[from] Recoil
|move|p1a: Nac's Cellmate|Rage Fist|p2a: Talonflame
|-damage|p2a: Talonflame|0 fnt
|-status|p1a: Nac's Cellmate|brn|[from] ability: Flame Body|[of] p2a: Talonflame
|faint|p2a: Talonflame
|
|-damage|p1a: Nac's Cellmate|37/100 brn|[from] brn
|upkeep
|
|t:|1685831755
|switch|p2a: Meowscarada|Meowscarada, M|100/100
|turn|13
|
|t:|1685831760
|move|p2a: Meowscarada|Knock Off|p1a: Nac's Cellmate
|-damage|p1a: Nac's Cellmate|18/100 brn
|-enditem|p1a: Nac's Cellmate|Eviolite|[from] move: Knock Off|[of] p2a: Meowscarada
|move|p1a: Nac's Cellmate|Drain Punch|p2a: Meowscarada
|-supereffective|p2a: Meowscarada
|-damage|p2a: Meowscarada|37/100
|-heal|p1a: Nac's Cellmate|46/100 brn|[from] drain|[of] p2a: Meowscarada
|
|-damage|p1a: Nac's Cellmate|40/100 brn|[from] brn
|-end|p1a: Nac's Cellmate|move: Taunt
|upkeep
|turn|14
|
|t:|1685831778
|-terastallize|p2a: Meowscarada|Ghost
|move|p2a: Meowscarada|Leaf Storm|p1a: Nac's Cellmate
|-resisted|p1a: Nac's Cellmate
|-damage|p1a: Nac's Cellmate|6/100 brn
|-unboost|p2a: Meowscarada|spa|2
|move|p1a: Nac's Cellmate|Rest|p1a: Nac's Cellmate
|-status|p1a: Nac's Cellmate|slp|[from] move: Rest
|-heal|p1a: Nac's Cellmate|100/100 slp|[silent]
|
|upkeep
|turn|15
|
|t:|1685831787
|move|p2a: Meowscarada|Leaf Storm|p1a: Nac's Cellmate
|-resisted|p1a: Nac's Cellmate
|-damage|p1a: Nac's Cellmate|84/100 slp
|-unboost|p2a: Meowscarada|spa|2
|cant|p1a: Nac's Cellmate|slp
|
|upkeep
|turn|16
|
|t:|1685831797
|move|p2a: Meowscarada|Knock Off|p1a: Nac's Cellmate
|-damage|p1a: Nac's Cellmate|65/100 slp
|cant|p1a: Nac's Cellmate|slp
|
|upkeep
|turn|17
|c| Shammoo Shaman|ITS REST
|
|t:|1685831801
|move|p2a: Meowscarada|Knock Off|p1a: Nac's Cellmate
|-damage|p1a: Nac's Cellmate|47/100 slp
|-curestatus|p1a: Nac's Cellmate|slp|[msg]
|move|p1a: Nac's Cellmate|Rage Fist|p2a: Meowscarada
|-supereffective|p2a: Meowscarada
|-damage|p2a: Meowscarada|0 fnt
|faint|p2a: Meowscarada
|
|upkeep
|c| Britzler|What
|
|t:|1685831808
|switch|p2a: Scream Tail|Scream Tail|100/100
|turn|18
|c| EeveeKnight15|Local Monkey refuses to die, takes 100 hour nap
|
|t:|1685831813
|move|p2a: Scream Tail|Thunder Wave|p1a: Nac's Cellmate
|-status|p1a: Nac's Cellmate|par
|cant|p1a: Nac's Cellmate|par
|
|upkeep
|turn|19
|c| Shammoo Shaman|Scream tail sweep???
|c|☆Laprasrules12|Fuck
|
|t:|1685831819
|move|p2a: Scream Tail|Wish|p2a: Scream Tail
|cant|p1a: Nac's Cellmate|par
|
|upkeep
|turn|20
|
|t:|1685831825
|move|p2a: Scream Tail|Stealth Rock|p1a: Nac's Cellmate
|-sidestart|p1: Laprasrules12|move: Stealth Rock
|move|p1a: Nac's Cellmate|Rest|p1a: Nac's Cellmate
|-status|p1a: Nac's Cellmate|slp|[from] move: Rest
|-heal|p1a: Nac's Cellmate|100/100 slp|[silent]
|
|upkeep
|turn|21
|
|t:|1685831831
|move|p2a: Scream Tail|Dazzling Gleam|p1a: Nac's Cellmate
|-resisted|p1a: Nac's Cellmate
|-damage|p1a: Nac's Cellmate|87/100 slp
|cant|p1a: Nac's Cellmate|slp
|
|upkeep
|turn|22
|
|t:|1685831835
|move|p2a: Scream Tail|Dazzling Gleam|p1a: Nac's Cellmate
|-resisted|p1a: Nac's Cellmate
|-damage|p1a: Nac's Cellmate|74/100 slp
|cant|p1a: Nac's Cellmate|slp
|
|upkeep
|turn|23
|c|☆Laprasrules12|Nope
|
|t:|1685831840
|move|p2a: Scream Tail|Dazzling Gleam|p1a: Nac's Cellmate
|-resisted|p1a: Nac's Cellmate
|-damage|p1a: Nac's Cellmate|61/100 slp
|-curestatus|p1a: Nac's Cellmate|slp|[msg]
|move|p1a: Nac's Cellmate|Rage Fist|p2a: Scream Tail
|-supereffective|p2a: Scream Tail
|-damage|p2a: Scream Tail|0 fnt
|faint|p2a: Scream Tail
|-end|p2a: Scream Tail|Protosynthesis|[silent]
|
|win|Laprasrules12
|c|☆halfdivine|gg
|l|☆halfdivine
|c|☆Laprasrules12|I took a nap then killed a dinosaur
|l| Shammoo Shaman
|l| EeveeKnight15
