|j|☆SDK04
|j|☆manuel8833
|t:|1685832576
|gametype|singles
|player|p1|SDK04|nate|1372
|player|p2|manuel8833|guzma-masters|1327
|teamsize|p1|6
|teamsize|p2|6
|gen|9
|tier|[Gen 9] OU
|rated|
|rule|Sleep Clause Mod: Limit one foe put to sleep
|rule|Species Clause: Limit one of each Pokémon
|rule|OHKO Clause: OHKO moves are banned
|rule|Evasion Items Clause: Evasion items are banned
|rule|Evasion Moves Clause: Evasion moves are banned
|rule|Endless Battle Clause: Forcing endless battles is banned
|rule|HP Percentage Mod: HP is shown in percentages
|clearpoke
|poke|p1|Samurott-Hisui, M|
|poke|p1|Dragapult, M|
|poke|p1|Sneasler, F|
|poke|p1|Magearna|
|poke|p1|Volcarona, M|
|poke|p1|Zamazenta-*|
|poke|p2|Lilligant-Hisui, F|
|poke|p2|Dragapult, M|
|poke|p2|Urshifu-*, F|
|poke|p2|Mew|
|poke|p2|Great Tusk|
|poke|p2|Baxcalibur, M|
|teampreview
|inactive|Battle timer is ON: inactive players will automatically lose when time's up. (requested by SDK04)
|
|t:|1685832593
|start
|switch|p1a: Samurott|Samurott-Hisui, M|100/100
|switch|p2a: Mew|Mew|100/100
|turn|1
|
|t:|1685832601
|switch|p2a: Great Tusk|Great Tusk|100/100
|-enditem|p2a: Great Tusk|Booster Energy
|-activate|p2a: Great Tusk|ability: Protosynthesis|[fromitem]
|-start|p2a: Great Tusk|protosynthesisatk
|move|p1a: Samurott|Taunt|p2a: Great Tusk
|-start|p2a: Great Tusk|move: Taunt
|
|upkeep
|turn|2
|
|t:|1685832612
|switch|p1a: Dragapult|Dragapult, M|100/100
|move|p2a: Great Tusk|Close Combat|p1a: Dragapult
|-immune|p1a: Dragapult
|
|upkeep
|turn|3
|
|t:|1685832619
|move|p1a: Dragapult|Reflect|p1a: Dragapult
|-sidestart|p1: SDK04|Reflect
|move|p2a: Great Tusk|Ice Spinner|p1a: Dragapult
|-supereffective|p1a: Dragapult
|-damage|p1a: Dragapult|58/100
|-start|p2a: Great Tusk|Disable|Ice Spinner|[from] ability: Cursed Body|[of] p1a: Dragapult
|
|-end|p2a: Great Tusk|move: Taunt
|upkeep
|turn|4
|
|t:|1685832635
|move|p1a: Dragapult|Curse|p2a: Great Tusk
|-start|p2a: Great Tusk|Curse|[of] p1a: Dragapult
|-damage|p1a: Dragapult|8/100
|move|p2a: Great Tusk|Headlong Rush|p1a: Dragapult
|-damage|p1a: Dragapult|0 fnt
|-unboost|p2a: Great Tusk|def|1
|-unboost|p2a: Great Tusk|spd|1
|faint|p1a: Dragapult
|
|-damage|p2a: Great Tusk|76/100|[from] Curse
|upkeep
|
|t:|1685832641
|switch|p1a: Samurott|Samurott-Hisui, M|100/100
|turn|5
|
|t:|1685832650
|-end|p2a: Great Tusk|Protosynthesis|[silent]
|switch|p2a: Urshifu|Urshifu-Rapid-Strike, F|100/100
|move|p1a: Samurott|Ceaseless Edge|p2a: Urshifu|[miss]
|-miss|p1a: Samurott|p2a: Urshifu
|
|upkeep
|turn|6
|
|t:|1685832680
|move|p2a: Urshifu|Swords Dance|p2a: Urshifu
|-boost|p2a: Urshifu|atk|2
|move|p1a: Samurott|Ceaseless Edge|p2a: Urshifu
|-resisted|p2a: Urshifu
|-damage|p2a: Urshifu|76/100
|-sidestart|p2: manuel8833|Spikes
|
|upkeep
|turn|7
|
|t:|1685832709
|switch|p1a: Zamazenta|Zamazenta-Crowned|100/100
|-ability|p1a: Zamazenta|Dauntless Shield|boost
|-boost|p1a: Zamazenta|def|1
|move|p2a: Urshifu|Close Combat|p1a: Zamazenta
|-supereffective|p1a: Zamazenta
|-damage|p1a: Zamazenta|47/100
|-unboost|p2a: Urshifu|def|1
|-unboost|p2a: Urshifu|spd|1
|
|upkeep
|turn|8
|
|t:|1685832722
|move|p1a: Zamazenta|Body Press|p2a: Urshifu
|-damage|p2a: Urshifu|0 fnt
|faint|p2a: Urshifu
|
|upkeep
|inactive|manuel8833 has 120 seconds left.
|
|t:|1685832737
|switch|p2a: Mew|Mew|100/100
|-damage|p2a: Mew|88/100|[from] Spikes
|turn|9
|
|t:|1685832741
|move|p1a: Zamazenta|Iron Defense|p1a: Zamazenta
|-boost|p1a: Zamazenta|def|2
|move|p2a: Mew|Taunt|p1a: Zamazenta
|-start|p1a: Zamazenta|move: Taunt
|
|upkeep
|turn|10
|
|t:|1685832748
|switch|p2a: Great Tusk|Great Tusk|76/100
|-damage|p2a: Great Tusk|63/100|[from] Spikes
|move|p1a: Zamazenta|Crunch|p2a: Great Tusk
|-resisted|p2a: Great Tusk
|-damage|p2a: Great Tusk|56/100
|
|-sideend|p1: SDK04|Reflect
|upkeep
|turn|11
|
|t:|1685832759
|move|p1a: Zamazenta|Body Press|p2a: Great Tusk
|-damage|p2a: Great Tusk|0 fnt
|faint|p2a: Great Tusk
|-end|p2a: Great Tusk|Protosynthesis|[silent]
|
|upkeep
|
|t:|1685832765
|switch|p2a: Dragapult|Dragapult, M|100/100
|-damage|p2a: Dragapult|88/100|[from] Spikes
|turn|12
|
|t:|1685832770
|move|p2a: Dragapult|Dragon Dance|p2a: Dragapult
|-boost|p2a: Dragapult|atk|1
|-boost|p2a: Dragapult|spe|1
|move|p1a: Zamazenta|Crunch|p2a: Dragapult
|-supereffective|p2a: Dragapult
|-damage|p2a: Dragapult|28/100
|
|-heal|p2a: Dragapult|34/100|[from] item: Leftovers
|-end|p1a: Zamazenta|move: Taunt
|upkeep
|turn|13
|
|t:|1685832778
|-terastallize|p2a: Dragapult|Fire
|move|p2a: Dragapult|Tera Blast|p1a: Zamazenta
|-supereffective|p1a: Zamazenta
|-damage|p1a: Zamazenta|13/100
|move|p1a: Zamazenta|Crunch|p2a: Dragapult
|-damage|p2a: Dragapult|5/100
|-unboost|p2a: Dragapult|def|1
|
|-heal|p2a: Dragapult|11/100|[from] item: Leftovers
|upkeep
|turn|14
|
|t:|1685832786
|move|p2a: Dragapult|Tera Blast|p1a: Zamazenta
|-supereffective|p1a: Zamazenta
|-damage|p1a: Zamazenta|0 fnt
|faint|p1a: Zamazenta
|
|-heal|p2a: Dragapult|17/100|[from] item: Leftovers
|upkeep
|
|t:|1685832790
|switch|p1a: Samurott|Samurott-Hisui, M|100/100
|turn|15
|
|t:|1685832793
|move|p1a: Samurott|Aqua Jet|p2a: Dragapult
|-supereffective|p2a: Dragapult
|-damage|p2a: Dragapult|0 fnt
|faint|p2a: Dragapult
|
|upkeep
|
|t:|1685832799
|switch|p2a: Lilligant|Lilligant-Hisui, F|100/100
|-damage|p2a: Lilligant|88/100|[from] Spikes
|turn|16
|inactive|SDK04 has 120 seconds left.
|
|t:|1685832844
|switch|p1a: Volcarona|Volcarona, M|100/100
|move|p2a: Lilligant|Sleep Powder|p1a: Volcarona
|-status|p1a: Volcarona|slp|[from] move: Sleep Powder
|
|upkeep
|turn|17
|
|t:|1685832862
|switch|p2a: Baxcalibur|Baxcalibur, M|100/100
|-damage|p2a: Baxcalibur|88/100|[from] Spikes
|switch|p1a: Sneasler|Sneasler, F|100/100
|-item|p1a: Sneasler|Air Balloon
|
|upkeep
|turn|18
|inactive|SDK04 has 120 seconds left.
|
|t:|1685832871
|move|p2a: Baxcalibur|Earthquake|p1a: Sneasler
|-immune|p1a: Sneasler
|move|p1a: Sneasler|Swords Dance|p1a: Sneasler
|-boost|p1a: Sneasler|atk|2
|
|upkeep
|turn|19
|
|t:|1685832877
|move|p2a: Baxcalibur|Ice Shard|p1a: Sneasler
|-damage|p1a: Sneasler|67/100
|-enditem|p1a: Sneasler|Air Balloon
|move|p1a: Sneasler|Dire Claw|p2a: Baxcalibur
|-damage|p2a: Baxcalibur|0 fnt
|faint|p2a: Baxcalibur
|
|upkeep
|
|t:|1685832889
|switch|p2a: Lilligant|Lilligant-Hisui, F|88/100
|-damage|p2a: Lilligant|76/100|[from] Spikes
|turn|20
|
|t:|1685832895
|move|p1a: Sneasler|Dire Claw|p2a: Lilligant
|-supereffective|p2a: Lilligant
|-damage|p2a: Lilligant|0 fnt
|faint|p2a: Lilligant
|
|upkeep
|
|t:|1685832899
|switch|p2a: Mew|Mew|88/100
|-damage|p2a: Mew|76/100|[from] Spikes
|turn|21
|c|☆SDK04|gg
|c|☆SDK04|wp
|
|t:|1685832906
|-terastallize|p1a: Sneasler|Flying
|move|p1a: Sneasler|Acrobatics|p2a: Mew
|-damage|p2a: Mew|0 fnt
|faint|p2a: Mew
|
|win|SDK04
|raw|SDK04's rating: 1372 → 1389(+17 for winning)
|raw|manuel8833's rating: 1327 → 1310(-17 for losing)
|l|☆manuel8833
