|j|☆Ayudame1
|j|☆Lenny331
|t:|1685826591
|gametype|singles
|player|p1|Ayudame1|roxie|1178
|player|p2|Lenny331|teamrocket|1163
|teamsize|p1|6
|teamsize|p2|6
|gen|9
|tier|[Gen 9] OU
|rated|
|rule|Sleep Clause Mod: Limit one foe put to sleep
|rule|Species Clause: Limit one of each Pokémon
|rule|OHKO Clause: OHKO moves are banned
|rule|Evasion Items Clause: Evasion items are banned
|rule|Evasion Moves Clause: Evasion moves are banned
|rule|Endless Battle Clause: Forcing endless battles is banned
|rule|HP Percentage Mod: HP is shown in percentages
|clearpoke
|poke|p1|Pelipper, F|
|poke|p1|Zapdos|
|poke|p1|Thundurus-Therian, M|
|poke|p1|Basculegion, M|
|poke|p1|Corviknight, F|
|poke|p1|Clodsire, M|
|poke|p2|Chien-Pao|
|poke|p2|Zamazenta-*|
|poke|p2|Basculegion-F, F|
|poke|p2|Magearna|
|poke|p2|Ursaluna, F|
|poke|p2|Dragapult, F|
|teampreview
|j| MangoTech
|j| Champ.Braeden
|
|t:|1685826621
|start
|switch|p1a: Zapdos|Zapdos|100/100
|switch|p2a: Basculegion|Basculegion-F, F|100/100
|turn|1
|j| DJsnor
|
|t:|1685826632
|-terastallize|p2a: Basculegion|Ground
|move|p2a: Basculegion|Hydro Pump|p1a: Zapdos|[miss]
|-miss|p2a: Basculegion|p1a: Zapdos
|move|p1a: Zapdos|Hurricane|p2a: Basculegion
|-crit|p2a: Basculegion
|-damage|p2a: Basculegion|26/100
|-start|p2a: Basculegion|confusion
|
|upkeep
|turn|2
|-message|Lenny331 forfeited.
|
|win|Ayudame1
|raw|Ayudame1's rating: 1178 → 1202(+24 for winning)
|raw|Lenny331's rating: 1163 → 1139(-24 for losing)
|l|☆Lenny331
|l| DJsnor
|l|☆Ayudame1
