|j|☆Liz Angeles ✿
|j|☆7MM
|t:|1685885891
|gametype|singles
|player|p1|Liz Angeles ✿|cogita|
|player|p2|7MM|fisherman-gen4|
|teamsize|p1|6
|teamsize|p2|6
|gen|9
|tier|[Gen 9] OU
|rule|Sleep Clause Mod: Limit one foe put to sleep
|rule|Species Clause: Limit one of each Pokémon
|rule|OHKO Clause: OHKO moves are banned
|rule|Evasion Items Clause: Evasion items are banned
|rule|Evasion Moves Clause: Evasion moves are banned
|rule|Endless Battle Clause: Forcing endless battles is banned
|rule|HP Percentage Mod: HP is shown in percentages
|clearpoke
|poke|p1|Hippowdon, M|
|poke|p1|Talonflame, M|
|poke|p1|Dragalge, F|
|poke|p1|Magnezone|
|poke|p1|Scream Tail|
|poke|p1|Cyclizar, F|
|poke|p2|Rotom-Mow|
|poke|p2|Talonflame, M|
|poke|p2|Slither Wing|
|poke|p2|Hippowdon, F|
|poke|p2|Tinkaton, F|
|poke|p2|Slowbro, M|
|teampreview
|c|☆7MM|hf
|c|☆Liz Angeles ✿|hf
|
|t:|1685885922
|start
|switch|p1a: Dragalge|Dragalge, F|100/100
|switch|p2a: Hippowdon|Hippowdon, F|100/100
|-weather|Sandstorm|[from] ability: Sand Stream|[of] p2a: Hippowdon
|turn|1
|
|t:|1685885937
|switch|p1a: Hippowdon|Hippowdon, M|100/100
|move|p2a: Hippowdon|Earthquake|p1a: Hippowdon
|-damage|p1a: Hippowdon|79/100
|
|-weather|Sandstorm|[upkeep]
|upkeep
|turn|2
|
|t:|1685885941
|move|p1a: Hippowdon|Stealth Rock|p2a: Hippowdon
|-sidestart|p2: 7MM|move: Stealth Rock
|move|p2a: Hippowdon|Stealth Rock|p1a: Hippowdon
|-sidestart|p1: Liz Angeles ✿|move: Stealth Rock
|
|-weather|Sandstorm|[upkeep]
|upkeep
|turn|3
|
|t:|1685885949
|switch|p2a: Slowbro|Slowbro, M|100/100
|-damage|p2a: Slowbro|88/100|[from] Stealth Rock
|move|p1a: Hippowdon|Earthquake|p2a: Slowbro
|-damage|p2a: Slowbro|67/100
|
|-weather|Sandstorm|[upkeep]
|-damage|p2a: Slowbro|61/100|[from] Sandstorm
|upkeep
|turn|4
|
|t:|1685885962
|switch|p1a: Dragalge|Dragalge, F|100/100
|-damage|p1a: Dragalge|88/100|[from] Stealth Rock
|move|p2a: Slowbro|Surf|p1a: Dragalge
|-resisted|p1a: Dragalge
|-crit|p1a: Dragalge
|-damage|p1a: Dragalge|66/100
|
|-weather|Sandstorm|[upkeep]
|-damage|p1a: Dragalge|60/100|[from] Sandstorm
|-damage|p2a: Slowbro|55/100|[from] Sandstorm
|-heal|p1a: Dragalge|66/100|[from] item: Black Sludge
|upkeep
|turn|5
|
|t:|1685885973
|switch|p1a: Magnezone|Magnezone|100/100
|-damage|p1a: Magnezone|94/100|[from] Stealth Rock
|switch|p2a: Tinkaton|Tinkaton, F|100/100
|-damage|p2a: Tinkaton|94/100|[from] Stealth Rock
|-ability|p2a: Tinkaton|Mold Breaker
|
|-weather|none
|-heal|p2a: Tinkaton|100/100|[from] item: Leftovers
|upkeep
|turn|6
|
|t:|1685885981
|move|p1a: Magnezone|Thunderbolt|p2a: Tinkaton
|-damage|p2a: Tinkaton|53/100
|move|p2a: Tinkaton|Swords Dance|p2a: Tinkaton
|-boost|p2a: Tinkaton|atk|2
|
|-heal|p2a: Tinkaton|59/100|[from] item: Leftovers
|upkeep
|turn|7
|
|t:|1685885985
|move|p1a: Magnezone|Thunderbolt|p2a: Tinkaton
|-damage|p2a: Tinkaton|13/100
|move|p2a: Tinkaton|Knock Off|p1a: Magnezone
|-damage|p1a: Magnezone|54/100
|-enditem|p1a: Magnezone|Choice Specs|[from] move: Knock Off|[of] p2a: Tinkaton
|
|-heal|p2a: Tinkaton|19/100|[from] item: Leftovers
|upkeep
|turn|8
|
|t:|1685885990
|move|p1a: Magnezone|Volt Switch|p2a: Tinkaton
|-crit|p2a: Tinkaton
|-damage|p2a: Tinkaton|0 fnt
|faint|p2a: Tinkaton
|
|t:|1685886002
|switch|p1a: Scream Tail|Scream Tail|100/100|[from] Volt Switch
|
|upkeep
|
|t:|1685886050
|switch|p2a: Hippowdon|Hippowdon, F|100/100
|-damage|p2a: Hippowdon|94/100|[from] Stealth Rock
|-weather|Sandstorm|[from] ability: Sand Stream|[of] p2a: Hippowdon
|turn|9
|
|t:|1685886076
|move|p1a: Scream Tail|Wish|p1a: Scream Tail
|move|p2a: Hippowdon|Earthquake|p1a: Scream Tail
|-damage|p1a: Scream Tail|68/100
|
|-weather|Sandstorm|[upkeep]
|-damage|p1a: Scream Tail|62/100|[from] Sandstorm
|-heal|p2a: Hippowdon|100/100|[from] item: Leftovers
|upkeep
|turn|10
|
|t:|1685886084
|move|p1a: Scream Tail|Protect|p1a: Scream Tail
|-singleturn|p1a: Scream Tail|Protect
|move|p2a: Hippowdon|Earthquake|p1a: Scream Tail
|-activate|p1a: Scream Tail|move: Protect
|
|-weather|Sandstorm|[upkeep]
|-damage|p1a: Scream Tail|56/100|[from] Sandstorm
|-heal|p1a: Scream Tail|100/100|[from] move: Wish|[wisher] Scream Tail
|upkeep
|turn|11
|
|t:|1685886092
|-end|p1a: Scream Tail|Protosynthesis|[silent]
|switch|p1a: Hippowdon|Hippowdon, M|79/100
|-damage|p1a: Hippowdon|73/100|[from] Stealth Rock
|move|p2a: Hippowdon|Earthquake|p1a: Hippowdon
|-damage|p1a: Hippowdon|50/100
|
|-weather|Sandstorm|[upkeep]
|upkeep
|turn|12
|
|t:|1685886098
|switch|p2a: Rotom|Rotom-Mow|100/100
|-damage|p2a: Rotom|88/100|[from] Stealth Rock
|move|p1a: Hippowdon|Slack Off|p1a: Hippowdon
|-heal|p1a: Hippowdon|100/100
|
|-weather|Sandstorm|[upkeep]
|-damage|p2a: Rotom|82/100|[from] Sandstorm
|-heal|p2a: Rotom|88/100|[from] item: Leftovers
|upkeep
|turn|13
|
|t:|1685886101
|switch|p1a: Cyclizar|Cyclizar, F|100/100
|-damage|p1a: Cyclizar|88/100|[from] Stealth Rock
|move|p2a: Rotom|Volt Switch|p1a: Cyclizar
|-resisted|p1a: Cyclizar
|-damage|p1a: Cyclizar|77/100
|
|t:|1685886104
|switch|p2a: Slither Wing|Slither Wing|100/100|[from] Volt Switch
|-damage|p2a: Slither Wing|88/100|[from] Stealth Rock
|
|-weather|none
|upkeep
|turn|14
|
|t:|1685886108
|switch|p1a: Hippowdon|Hippowdon, M|100/100
|-damage|p1a: Hippowdon|94/100|[from] Stealth Rock
|-weather|Sandstorm|[from] ability: Sand Stream|[of] p1a: Hippowdon
|move|p2a: Slither Wing|Wild Charge|p1a: Hippowdon
|-immune|p1a: Hippowdon
|
|-weather|Sandstorm|[upkeep]
|-damage|p2a: Slither Wing|82/100|[from] Sandstorm
|upkeep
|turn|15
|
|t:|1685886128
|-end|p2a: Slither Wing|Protosynthesis|[silent]
|switch|p2a: Rotom|Rotom-Mow|88/100
|-damage|p2a: Rotom|76/100|[from] Stealth Rock
|switch|p1a: Cyclizar|Cyclizar, F|100/100
|-damage|p1a: Cyclizar|88/100|[from] Stealth Rock
|
|-weather|Sandstorm|[upkeep]
|-damage|p1a: Cyclizar|82/100|[from] Sandstorm
|-damage|p2a: Rotom|70/100|[from] Sandstorm
|-heal|p2a: Rotom|76/100|[from] item: Leftovers
|upkeep
|turn|16
|
|t:|1685886137
|move|p1a: Cyclizar|Knock Off|p2a: Rotom
|-damage|p2a: Rotom|57/100
|-enditem|p2a: Rotom|Leftovers|[from] move: Knock Off|[of] p1a: Cyclizar
|move|p2a: Rotom|Volt Switch|p1a: Cyclizar
|-resisted|p1a: Cyclizar
|-damage|p1a: Cyclizar|72/100
|
|t:|1685886140
|switch|p2a: Slither Wing|Slither Wing|82/100|[from] Volt Switch
|-damage|p2a: Slither Wing|70/100|[from] Stealth Rock
|
|-weather|Sandstorm|[upkeep]
|-damage|p1a: Cyclizar|66/100|[from] Sandstorm
|-damage|p2a: Slither Wing|64/100|[from] Sandstorm
|upkeep
|turn|17
|
|t:|1685886167
|switch|p1a: Talonflame|Talonflame, M|100/100
|move|p2a: Slither Wing|Close Combat|p1a: Talonflame
|-resisted|p1a: Talonflame
|-damage|p1a: Talonflame|32/100
|-unboost|p2a: Slither Wing|def|1
|-unboost|p2a: Slither Wing|spd|1
|-status|p2a: Slither Wing|brn|[from] ability: Flame Body|[of] p1a: Talonflame
|
|-weather|Sandstorm|[upkeep]
|-damage|p1a: Talonflame|26/100|[from] Sandstorm
|-damage|p2a: Slither Wing|58/100 brn|[from] Sandstorm
|-damage|p2a: Slither Wing|52/100 brn|[from] brn
|upkeep
|turn|18
|
|t:|1685886182
|switch|p1a: Dragalge|Dragalge, F|66/100
|-damage|p1a: Dragalge|53/100|[from] Stealth Rock
|move|p2a: Slither Wing|Close Combat|p1a: Dragalge
|-resisted|p1a: Dragalge
|-damage|p1a: Dragalge|22/100
|-unboost|p2a: Slither Wing|def|1
|-unboost|p2a: Slither Wing|spd|1
|
|-weather|none
|-heal|p1a: Dragalge|28/100|[from] item: Black Sludge
|-damage|p2a: Slither Wing|46/100 brn|[from] brn
|upkeep
|turn|19
|
|t:|1685886206
|switch|p1a: Scream Tail|Scream Tail|100/100
|move|p2a: Slither Wing|Close Combat|p1a: Scream Tail
|-resisted|p1a: Scream Tail
|-damage|p1a: Scream Tail|91/100
|-unboost|p2a: Slither Wing|def|1
|-unboost|p2a: Slither Wing|spd|1
|
|-damage|p2a: Slither Wing|39/100 brn|[from] brn
|upkeep
|turn|20
|
|t:|1685886220
|-end|p2a: Slither Wing|Protosynthesis|[silent]
|switch|p2a: Hippowdon|Hippowdon, F|100/100
|-damage|p2a: Hippowdon|94/100|[from] Stealth Rock
|-weather|Sandstorm|[from] ability: Sand Stream|[of] p2a: Hippowdon
|move|p1a: Scream Tail|Dazzling Gleam|p2a: Hippowdon
|-damage|p2a: Hippowdon|79/100
|
|-weather|Sandstorm|[upkeep]
|-damage|p1a: Scream Tail|85/100|[from] Sandstorm
|-heal|p2a: Hippowdon|85/100|[from] item: Leftovers
|upkeep
|turn|21
|
|t:|1685886232
|move|p1a: Scream Tail|Wish|p1a: Scream Tail
|move|p2a: Hippowdon|Earthquake|p1a: Scream Tail
|-damage|p1a: Scream Tail|52/100
|
|-weather|Sandstorm|[upkeep]
|-damage|p1a: Scream Tail|46/100|[from] Sandstorm
|-heal|p2a: Hippowdon|92/100|[from] item: Leftovers
|upkeep
|turn|22
|
|t:|1685886252
|move|p1a: Scream Tail|Protect|p1a: Scream Tail
|-singleturn|p1a: Scream Tail|Protect
|move|p2a: Hippowdon|Earthquake|p1a: Scream Tail
|-activate|p1a: Scream Tail|move: Protect
|
|-weather|Sandstorm|[upkeep]
|-damage|p1a: Scream Tail|39/100|[from] Sandstorm
|-heal|p1a: Scream Tail|89/100|[from] move: Wish|[wisher] Scream Tail
|-heal|p2a: Hippowdon|98/100|[from] item: Leftovers
|upkeep
|turn|23
|
|t:|1685886259
|switch|p2a: Talonflame|Talonflame, M|100/100
|move|p1a: Scream Tail|Wish|p1a: Scream Tail
|
|-weather|Sandstorm|[upkeep]
|-damage|p2a: Talonflame|94/100|[from] Sandstorm
|-damage|p1a: Scream Tail|83/100|[from] Sandstorm
|upkeep
|turn|24
|
|t:|1685886272
|-end|p1a: Scream Tail|Protosynthesis|[silent]
|switch|p1a: Cyclizar|Cyclizar, F|99/100
|-damage|p1a: Cyclizar|87/100|[from] Stealth Rock
|move|p2a: Talonflame|Will-O-Wisp|p1a: Cyclizar
|-status|p1a: Cyclizar|brn
|
|-weather|none
|-heal|p1a: Cyclizar|100/100 brn|[from] move: Wish|[wisher] Scream Tail
|-damage|p1a: Cyclizar|94/100 brn|[from] brn
|upkeep
|turn|25
|
|t:|1685886280
|switch|p2a: Slowbro|Slowbro, M|88/100
|-damage|p2a: Slowbro|76/100|[from] Stealth Rock
|move|p1a: Cyclizar|Knock Off|p2a: Slowbro
|-supereffective|p2a: Slowbro
|-damage|p2a: Slowbro|65/100
|-damage|p1a: Cyclizar|78/100 brn|[from] item: Rocky Helmet|[of] p2a: Slowbro
|-enditem|p2a: Slowbro|Rocky Helmet|[from] move: Knock Off|[of] p1a: Cyclizar
|
|-damage|p1a: Cyclizar|72/100 brn|[from] brn
|upkeep
|turn|26
|
|t:|1685886307
|move|p1a: Cyclizar|U-turn|p2a: Slowbro
|-supereffective|p2a: Slowbro
|-damage|p2a: Slowbro|57/100
|
|t:|1685886311
|switch|p1a: Scream Tail|Scream Tail|83/100|[from] U-turn
|move|p2a: Slowbro|Surf|p1a: Scream Tail
|-damage|p1a: Scream Tail|66/100
|
|upkeep
|turn|27
|
|t:|1685886319
|switch|p2a: Hippowdon|Hippowdon, F|98/100
|-damage|p2a: Hippowdon|92/100|[from] Stealth Rock
|-weather|Sandstorm|[from] ability: Sand Stream|[of] p2a: Hippowdon
|move|p1a: Scream Tail|Wish|p1a: Scream Tail
|
|-weather|Sandstorm|[upkeep]
|-damage|p1a: Scream Tail|59/100|[from] Sandstorm
|-heal|p2a: Hippowdon|98/100|[from] item: Leftovers
|upkeep
|turn|28
|
|t:|1685886329
|move|p1a: Scream Tail|Protect|p1a: Scream Tail
|-singleturn|p1a: Scream Tail|Protect
|move|p2a: Hippowdon|Stone Edge|p1a: Scream Tail
|-activate|p1a: Scream Tail|move: Protect
|
|-weather|Sandstorm|[upkeep]
|-damage|p1a: Scream Tail|53/100|[from] Sandstorm
|-heal|p1a: Scream Tail|100/100|[from] move: Wish|[wisher] Scream Tail
|-heal|p2a: Hippowdon|100/100|[from] item: Leftovers
|upkeep
|turn|29
|
|t:|1685886343
|-end|p1a: Scream Tail|Protosynthesis|[silent]
|switch|p1a: Hippowdon|Hippowdon, M|94/100
|-damage|p1a: Hippowdon|88/100|[from] Stealth Rock
|switch|p2a: Slowbro|Slowbro, M|90/100
|-damage|p2a: Slowbro|77/100|[from] Stealth Rock
|
|-weather|Sandstorm|[upkeep]
|-damage|p2a: Slowbro|71/100|[from] Sandstorm
|upkeep
|turn|30
|
|t:|1685886351
|switch|p1a: Cyclizar|Cyclizar, F|100/100 brn
|-damage|p1a: Cyclizar|88/100 brn|[from] Stealth Rock
|move|p2a: Slowbro|Surf|p1a: Cyclizar
|-resisted|p1a: Cyclizar
|-damage|p1a: Cyclizar|75/100 brn
|
|-weather|Sandstorm|[upkeep]
|-damage|p1a: Cyclizar|69/100 brn|[from] Sandstorm
|-damage|p2a: Slowbro|65/100|[from] Sandstorm
|-damage|p1a: Cyclizar|62/100 brn|[from] brn
|upkeep
|turn|31
|
|t:|1685886358
|move|p1a: Cyclizar|U-turn|p2a: Slowbro
|-supereffective|p2a: Slowbro
|-damage|p2a: Slowbro|58/100
|
|t:|1685886364
|switch|p1a: Scream Tail|Scream Tail|100/100|[from] U-turn
|move|p2a: Slowbro|Surf|p1a: Scream Tail
|-damage|p1a: Scream Tail|81/100
|
|-weather|none
|upkeep
|turn|32
|
|t:|1685886374
|-end|p1a: Scream Tail|Protosynthesis|[silent]
|switch|p1a: Cyclizar|Cyclizar, F|96/100 brn
|-damage|p1a: Cyclizar|83/100 brn|[from] Stealth Rock
|switch|p2a: Hippowdon|Hippowdon, F|100/100
|-damage|p2a: Hippowdon|94/100|[from] Stealth Rock
|-weather|Sandstorm|[from] ability: Sand Stream|[of] p2a: Hippowdon
|
|-weather|Sandstorm|[upkeep]
|-damage|p1a: Cyclizar|77/100 brn|[from] Sandstorm
|-heal|p2a: Hippowdon|100/100|[from] item: Leftovers
|-damage|p1a: Cyclizar|71/100 brn|[from] brn
|upkeep
|turn|33
|
|t:|1685886382
|move|p1a: Cyclizar|Knock Off|p2a: Hippowdon
|-damage|p2a: Hippowdon|93/100
|-enditem|p2a: Hippowdon|Leftovers|[from] move: Knock Off|[of] p1a: Cyclizar
|move|p2a: Hippowdon|Earthquake|p1a: Cyclizar
|-damage|p1a: Cyclizar|11/100 brn
|
|-weather|Sandstorm|[upkeep]
|-damage|p1a: Cyclizar|5/100 brn|[from] Sandstorm
|-damage|p1a: Cyclizar|0 fnt|[from] brn
|faint|p1a: Cyclizar
|upkeep
|c|☆7MM|test
|
|t:|1685886436
|switch|p1a: Scream Tail|Scream Tail|81/100
|turn|34
|
|t:|1685886443
|move|p1a: Scream Tail|Wish|p1a: Scream Tail
|move|p2a: Hippowdon|Earthquake|p1a: Scream Tail
|-damage|p1a: Scream Tail|51/100
|
|-weather|Sandstorm|[upkeep]
|-damage|p1a: Scream Tail|44/100|[from] Sandstorm
|upkeep
|turn|35
|
|t:|1685886452
|switch|p2a: Talonflame|Talonflame, M|94/100
|move|p1a: Scream Tail|Dazzling Gleam|p2a: Talonflame
|-resisted|p2a: Talonflame
|-damage|p2a: Talonflame|82/100
|
|-weather|Sandstorm|[upkeep]
|-damage|p2a: Talonflame|76/100|[from] Sandstorm
|-damage|p1a: Scream Tail|38/100|[from] Sandstorm
|-heal|p1a: Scream Tail|88/100|[from] move: Wish|[wisher] Scream Tail
|upkeep
|turn|36
|
|t:|1685886470
|-end|p1a: Scream Tail|Protosynthesis|[silent]
|switch|p1a: Magnezone|Magnezone|54/100
|-damage|p1a: Magnezone|48/100|[from] Stealth Rock
|move|p2a: Talonflame|Will-O-Wisp|p1a: Magnezone
|-status|p1a: Magnezone|brn
|
|-weather|none
|-damage|p1a: Magnezone|42/100 brn|[from] brn
|upkeep
|turn|37
|
|t:|1685886489
|switch|p2a: Hippowdon|Hippowdon, F|93/100
|-damage|p2a: Hippowdon|87/100|[from] Stealth Rock
|-weather|Sandstorm|[from] ability: Sand Stream|[of] p2a: Hippowdon
|move|p1a: Magnezone|Volt Switch|p2a: Hippowdon
|-immune|p2a: Hippowdon
|
|-weather|Sandstorm|[upkeep]
|-damage|p1a: Magnezone|36/100 brn|[from] brn
|upkeep
|turn|38
|
|t:|1685886525
|switch|p2a: Slither Wing|Slither Wing|39/100 brn
|-damage|p2a: Slither Wing|27/100 brn|[from] Stealth Rock
|move|p1a: Magnezone|Flash Cannon|p2a: Slither Wing
|-damage|p2a: Slither Wing|0 fnt
|faint|p2a: Slither Wing
|-end|p2a: Slither Wing|Protosynthesis|[silent]
|
|-weather|Sandstorm|[upkeep]
|-damage|p1a: Magnezone|30/100 brn|[from] brn
|upkeep
|
|t:|1685886599
|switch|p2a: Rotom|Rotom-Mow|57/100
|-damage|p2a: Rotom|45/100|[from] Stealth Rock
|turn|39
|
|t:|1685886645
|switch|p1a: Scream Tail|Scream Tail|88/100
|move|p2a: Rotom|Leaf Storm|p1a: Scream Tail
|-damage|p1a: Scream Tail|59/100
|-unboost|p2a: Rotom|spa|2
|
|-weather|Sandstorm|[upkeep]
|-damage|p1a: Scream Tail|53/100|[from] Sandstorm
|-damage|p2a: Rotom|39/100|[from] Sandstorm
|upkeep
|turn|40
|
|t:|1685886650
|move|p1a: Scream Tail|Wish|p1a: Scream Tail
|move|p2a: Rotom|Volt Switch|p1a: Scream Tail
|-damage|p1a: Scream Tail|46/100
|
|t:|1685886652
|switch|p2a: Hippowdon|Hippowdon, F|87/100|[from] Volt Switch
|-damage|p2a: Hippowdon|81/100|[from] Stealth Rock
|
|-weather|Sandstorm|[upkeep]
|-damage|p1a: Scream Tail|40/100|[from] Sandstorm
|upkeep
|turn|41
|
|t:|1685886657
|move|p1a: Scream Tail|Protect|p1a: Scream Tail
|-singleturn|p1a: Scream Tail|Protect
|move|p2a: Hippowdon|Stealth Rock||[still]
|-fail|p2a: Hippowdon
|
|-weather|none
|-heal|p1a: Scream Tail|90/100|[from] move: Wish|[wisher] Scream Tail
|upkeep
|turn|42
|
|t:|1685886667
|-end|p1a: Scream Tail|Protosynthesis|[silent]
|switch|p1a: Hippowdon|Hippowdon, M|88/100
|-damage|p1a: Hippowdon|82/100|[from] Stealth Rock
|-weather|Sandstorm|[from] ability: Sand Stream|[of] p1a: Hippowdon
|switch|p2a: Talonflame|Talonflame, M|76/100
|
|-weather|Sandstorm|[upkeep]
|-damage|p2a: Talonflame|70/100|[from] Sandstorm
|upkeep
|turn|43
|
|t:|1685886670
|switch|p2a: Slowbro|Slowbro, M|91/100
|-damage|p2a: Slowbro|78/100|[from] Stealth Rock
|move|p1a: Hippowdon|Stone Edge|p2a: Slowbro
|-damage|p2a: Slowbro|64/100
|
|-weather|Sandstorm|[upkeep]
|-damage|p2a: Slowbro|58/100|[from] Sandstorm
|upkeep
|turn|44
|
|t:|1685886685
|switch|p1a: Scream Tail|Scream Tail|90/100
|move|p2a: Slowbro|Surf|p1a: Scream Tail
|-damage|p1a: Scream Tail|71/100
|
|-weather|Sandstorm|[upkeep]
|-damage|p1a: Scream Tail|65/100|[from] Sandstorm
|-damage|p2a: Slowbro|52/100|[from] Sandstorm
|upkeep
|turn|45
|
|t:|1685886696
|switch|p2a: Talonflame|Talonflame, M|70/100
|move|p1a: Scream Tail|Dazzling Gleam|p2a: Talonflame
|-resisted|p2a: Talonflame
|-damage|p2a: Talonflame|58/100
|
|-weather|Sandstorm|[upkeep]
|-damage|p2a: Talonflame|52/100|[from] Sandstorm
|-damage|p1a: Scream Tail|58/100|[from] Sandstorm
|upkeep
|turn|46
|
|t:|1685886701
|move|p2a: Talonflame|Will-O-Wisp|p1a: Scream Tail
|-status|p1a: Scream Tail|brn
|move|p1a: Scream Tail|Wish|p1a: Scream Tail
|
|-weather|none
|-damage|p1a: Scream Tail|52/100 brn|[from] brn
|upkeep
|turn|47
|
|t:|1685886711
|-end|p1a: Scream Tail|Protosynthesis|[silent]
|switch|p1a: Magnezone|Magnezone|30/100 brn
|-damage|p1a: Magnezone|24/100 brn|[from] Stealth Rock
|move|p2a: Talonflame|Brave Bird|p1a: Magnezone
|-resisted|p1a: Magnezone
|-damage|p1a: Magnezone|15/100 brn
|-damage|p2a: Talonflame|50/100|[from] Recoil
|
|-heal|p1a: Magnezone|92/100 brn|[from] move: Wish|[wisher] Scream Tail
|-damage|p1a: Magnezone|86/100 brn|[from] brn
|upkeep
|turn|48
|
|t:|1685886730
|move|p2a: Talonflame|Roost|p2a: Talonflame
|-heal|p2a: Talonflame|99/100
|-singleturn|p2a: Talonflame|move: Roost
|move|p1a: Magnezone|Flash Cannon|p2a: Talonflame
|-resisted|p2a: Talonflame
|-damage|p2a: Talonflame|72/100
|
|-damage|p1a: Magnezone|80/100 brn|[from] brn
|upkeep
|turn|49
|
|t:|1685886743
|switch|p2a: Hippowdon|Hippowdon, F|81/100
|-damage|p2a: Hippowdon|75/100|[from] Stealth Rock
|-weather|Sandstorm|[from] ability: Sand Stream|[of] p2a: Hippowdon
|move|p1a: Magnezone|Thunderbolt|p2a: Hippowdon
|-immune|p2a: Hippowdon
|
|-weather|Sandstorm|[upkeep]
|-damage|p1a: Magnezone|74/100 brn|[from] brn
|upkeep
|turn|50
|
|t:|1685886803
|move|p1a: Magnezone|Flash Cannon|p2a: Hippowdon
|-damage|p2a: Hippowdon|46/100
|move|p2a: Hippowdon|Slack Off|p2a: Hippowdon
|-heal|p2a: Hippowdon|96/100
|
|-weather|Sandstorm|[upkeep]
|-damage|p1a: Magnezone|68/100 brn|[from] brn
|upkeep
|turn|51
|
|t:|1685886809
|switch|p1a: Hippowdon|Hippowdon, M|82/100
|-damage|p1a: Hippowdon|76/100|[from] Stealth Rock
|move|p2a: Hippowdon|Earthquake|p1a: Hippowdon
|-damage|p1a: Hippowdon|55/100
|
|-weather|Sandstorm|[upkeep]
|upkeep
|turn|52
|
|t:|1685886815
|switch|p2a: Slowbro|Slowbro, M|85/100
|-damage|p2a: Slowbro|72/100|[from] Stealth Rock
|move|p1a: Hippowdon|Slack Off|p1a: Hippowdon
|-heal|p1a: Hippowdon|100/100
|
|-weather|Sandstorm|[upkeep]
|-damage|p2a: Slowbro|66/100|[from] Sandstorm
|upkeep
|turn|53
|
|t:|1685886843
|switch|p1a: Dragalge|Dragalge, F|28/100
|-damage|p1a: Dragalge|15/100|[from] Stealth Rock
|move|p2a: Slowbro|Surf|p1a: Dragalge
|-resisted|p1a: Dragalge
|-damage|p1a: Dragalge|0 fnt
|faint|p1a: Dragalge
|
|-weather|none
|upkeep
|
|t:|1685886849
|switch|p1a: Scream Tail|Scream Tail|52/100 brn
|turn|54
|
|t:|1685886856
|move|p1a: Scream Tail|Wish|p1a: Scream Tail
|move|p2a: Slowbro|Surf|p1a: Scream Tail
|-damage|p1a: Scream Tail|35/100 brn
|
|-damage|p1a: Scream Tail|29/100 brn|[from] brn
|upkeep
|turn|55
|
|t:|1685886861
|switch|p2a: Hippowdon|Hippowdon, F|96/100
|-damage|p2a: Hippowdon|90/100|[from] Stealth Rock
|-weather|Sandstorm|[from] ability: Sand Stream|[of] p2a: Hippowdon
|move|p1a: Scream Tail|Dazzling Gleam|p2a: Hippowdon
|-damage|p2a: Hippowdon|76/100
|
|-weather|Sandstorm|[upkeep]
|-damage|p1a: Scream Tail|23/100 brn|[from] Sandstorm
|-heal|p1a: Scream Tail|73/100 brn|[from] move: Wish|[wisher] Scream Tail
|-damage|p1a: Scream Tail|67/100 brn|[from] brn
|upkeep
|turn|56
|
|t:|1685886875
|move|p1a: Scream Tail|Wish|p1a: Scream Tail
|move|p2a: Hippowdon|Stone Edge|p1a: Scream Tail
|-damage|p1a: Scream Tail|46/100 brn
|
|-weather|Sandstorm|[upkeep]
|-damage|p1a: Scream Tail|40/100 brn|[from] Sandstorm
|-damage|p1a: Scream Tail|34/100 brn|[from] brn
|upkeep
|turn|57
|
|t:|1685886893
|switch|p2a: Slowbro|Slowbro, M|99/100
|-damage|p2a: Slowbro|87/100|[from] Stealth Rock
|move|p1a: Scream Tail|Protect||[still]
|-fail|p1a: Scream Tail
|
|-weather|Sandstorm|[upkeep]
|-damage|p1a: Scream Tail|27/100 brn|[from] Sandstorm
|-damage|p2a: Slowbro|81/100|[from] Sandstorm
|-heal|p1a: Scream Tail|77/100 brn|[from] move: Wish|[wisher] Scream Tail
|-damage|p1a: Scream Tail|71/100 brn|[from] brn
|upkeep
|turn|58
|
|t:|1685886898
|move|p1a: Scream Tail|Wish|p1a: Scream Tail
|move|p2a: Slowbro|Surf|p1a: Scream Tail
|-damage|p1a: Scream Tail|54/100 brn
|
|-weather|Sandstorm|[upkeep]
|-damage|p1a: Scream Tail|47/100 brn|[from] Sandstorm
|-damage|p2a: Slowbro|75/100|[from] Sandstorm
|-damage|p1a: Scream Tail|41/100 brn|[from] brn
|upkeep
|turn|59
|
|t:|1685886902
|move|p1a: Scream Tail|Dazzling Gleam|p2a: Slowbro
|-crit|p2a: Slowbro
|-damage|p2a: Slowbro|43/100
|move|p2a: Slowbro|Surf|p1a: Scream Tail
|-damage|p1a: Scream Tail|22/100 brn
|
|-weather|none
|-heal|p1a: Scream Tail|72/100 brn|[from] move: Wish|[wisher] Scream Tail
|-damage|p1a: Scream Tail|66/100 brn|[from] brn
|upkeep
|turn|60
|
|t:|1685886906
|switch|p2a: Hippowdon|Hippowdon, F|76/100
|-damage|p2a: Hippowdon|70/100|[from] Stealth Rock
|-weather|Sandstorm|[from] ability: Sand Stream|[of] p2a: Hippowdon
|move|p1a: Scream Tail|Wish|p1a: Scream Tail
|
|-weather|Sandstorm|[upkeep]
|-damage|p1a: Scream Tail|60/100 brn|[from] Sandstorm
|-damage|p1a: Scream Tail|54/100 brn|[from] brn
|upkeep
|turn|61
|
|t:|1685886914
|switch|p2a: Slowbro|Slowbro, M|76/100
|-damage|p2a: Slowbro|63/100|[from] Stealth Rock
|move|p1a: Scream Tail|Protect||[still]
|-fail|p1a: Scream Tail
|
|-weather|Sandstorm|[upkeep]
|-damage|p1a: Scream Tail|47/100 brn|[from] Sandstorm
|-damage|p2a: Slowbro|57/100|[from] Sandstorm
|-heal|p1a: Scream Tail|97/100 brn|[from] move: Wish|[wisher] Scream Tail
|-damage|p1a: Scream Tail|91/100 brn|[from] brn
|upkeep
|turn|62
|
|t:|1685886919
|move|p1a: Scream Tail|Wish|p1a: Scream Tail
|move|p2a: Slowbro|Surf|p1a: Scream Tail
|-crit|p1a: Scream Tail
|-damage|p1a: Scream Tail|65/100 brn
|
|-weather|Sandstorm|[upkeep]
|-damage|p1a: Scream Tail|59/100 brn|[from] Sandstorm
|-damage|p2a: Slowbro|51/100|[from] Sandstorm
|-damage|p1a: Scream Tail|53/100 brn|[from] brn
|upkeep
|turn|63
|
|t:|1685886932
|-end|p1a: Scream Tail|Protosynthesis|[silent]
|switch|p1a: Magnezone|Magnezone|68/100 brn
|-damage|p1a: Magnezone|62/100 brn|[from] Stealth Rock
|move|p2a: Slowbro|Surf|p1a: Magnezone
|-damage|p1a: Magnezone|18/100 brn
|
|-weather|Sandstorm|[upkeep]
|-damage|p2a: Slowbro|45/100|[from] Sandstorm
|-heal|p1a: Magnezone|95/100 brn|[from] move: Wish|[wisher] Scream Tail
|-damage|p1a: Magnezone|89/100 brn|[from] brn
|upkeep
|turn|64
|
|t:|1685886955
|switch|p2a: Rotom|Rotom-Mow|39/100
|-damage|p2a: Rotom|27/100|[from] Stealth Rock
|move|p1a: Magnezone|Volt Switch|p2a: Rotom
|-resisted|p2a: Rotom
|-damage|p2a: Rotom|17/100
|
|t:|1685886964
|switch|p1a: Talonflame|Talonflame, M|26/100|[from] Volt Switch
|
|-weather|none
|upkeep
|turn|65
|
|t:|1685886970
|move|p1a: Talonflame|Brave Bird|p2a: Rotom
|-damage|p2a: Rotom|0 fnt
|faint|p2a: Rotom
|-damage|p1a: Talonflame|21/100|[from] Recoil
|
|upkeep
|
|t:|1685886980
|switch|p2a: Slowbro|Slowbro, M|78/100
|-damage|p2a: Slowbro|66/100|[from] Stealth Rock
|turn|66
|
|t:|1685887001
|move|p1a: Talonflame|Brave Bird|p2a: Slowbro
|-damage|p2a: Slowbro|44/100
|-damage|p1a: Talonflame|13/100|[from] Recoil
|move|p2a: Slowbro|Surf|p1a: Talonflame
|-supereffective|p1a: Talonflame
|-damage|p1a: Talonflame|0 fnt
|faint|p1a: Talonflame
|
|upkeep
|
|t:|1685887007
|switch|p1a: Magnezone|Magnezone|89/100 brn
|-damage|p1a: Magnezone|83/100 brn|[from] Stealth Rock
|turn|67
|
|t:|1685887083
|switch|p2a: Talonflame|Talonflame, M|72/100
|move|p1a: Magnezone|Flash Cannon|p2a: Talonflame
|-resisted|p2a: Talonflame
|-damage|p2a: Talonflame|45/100
|-unboost|p2a: Talonflame|spd|1
|
|-damage|p1a: Magnezone|77/100 brn|[from] brn
|upkeep
|turn|68
|
|t:|1685887100
|move|p2a: Talonflame|Roost|p2a: Talonflame
|-heal|p2a: Talonflame|95/100
|-singleturn|p2a: Talonflame|move: Roost
|move|p1a: Magnezone|Flash Cannon|p2a: Talonflame
|-resisted|p2a: Talonflame
|-damage|p2a: Talonflame|54/100
|
|-damage|p1a: Magnezone|71/100 brn|[from] brn
|upkeep
|turn|69
|j| JustFranco‽
|
|t:|1685887117
|move|p2a: Talonflame|Roost|p2a: Talonflame
|-heal|p2a: Talonflame|100/100
|-singleturn|p2a: Talonflame|move: Roost
|move|p1a: Magnezone|Flash Cannon|p2a: Talonflame
|-resisted|p2a: Talonflame
|-damage|p2a: Talonflame|60/100
|
|-damage|p1a: Magnezone|65/100 brn|[from] brn
|upkeep
|turn|70
|j| IsaidIsayRightFoot
|l| IsaidIsayRightFoot
|
|t:|1685887155
|move|p2a: Talonflame|Roost|p2a: Talonflame
|-heal|p2a: Talonflame|100/100
|-singleturn|p2a: Talonflame|move: Roost
|move|p1a: Magnezone|Thunderbolt|p2a: Talonflame
|-damage|p2a: Talonflame|4/100
|
|-damage|p1a: Magnezone|59/100 brn|[from] brn
|upkeep
|turn|71
|
|t:|1685887168
|move|p2a: Talonflame|Roost|p2a: Talonflame
|-heal|p2a: Talonflame|54/100
|-singleturn|p2a: Talonflame|move: Roost
|move|p1a: Magnezone|Tera Blast|p2a: Talonflame
|-damage|p2a: Talonflame|0 fnt
|faint|p2a: Talonflame
|
|-damage|p1a: Magnezone|52/100 brn|[from] brn
|upkeep
|
|t:|1685887174
|switch|p2a: Hippowdon|Hippowdon, F|70/100
|-damage|p2a: Hippowdon|64/100|[from] Stealth Rock
|-weather|Sandstorm|[from] ability: Sand Stream|[of] p2a: Hippowdon
|turn|72
|
|t:|1685887187
|-terastallize|p1a: Magnezone|Grass
|move|p1a: Magnezone|Tera Blast|p2a: Hippowdon
|-supereffective|p2a: Hippowdon
|-damage|p2a: Hippowdon|3/100
|move|p2a: Hippowdon|Slack Off|p2a: Hippowdon
|-heal|p2a: Hippowdon|53/100
|
|-weather|Sandstorm|[upkeep]
|-damage|p1a: Magnezone|46/100 brn|[from] Sandstorm
|-damage|p1a: Magnezone|40/100 brn|[from] brn
|upkeep
|turn|73
|
|t:|1685887208
|-terastallize|p2a: Hippowdon|Ghost
|move|p1a: Magnezone|Tera Blast|p2a: Hippowdon
|-damage|p2a: Hippowdon|22/100
|move|p2a: Hippowdon|Slack Off|p2a: Hippowdon
|-heal|p2a: Hippowdon|72/100
|
|-weather|Sandstorm|[upkeep]
|-damage|p1a: Magnezone|34/100 brn|[from] Sandstorm
|-damage|p2a: Hippowdon|65/100|[from] Sandstorm
|-damage|p1a: Magnezone|28/100 brn|[from] brn
|upkeep
|turn|74
|
|t:|1685887230
|move|p1a: Magnezone|Volt Switch|p2a: Hippowdon
|-damage|p2a: Hippowdon|38/100
|
|t:|1685887233
|switch|p1a: Hippowdon|Hippowdon, M|100/100|[from] Volt Switch
|-damage|p1a: Hippowdon|94/100|[from] Stealth Rock
|move|p2a: Hippowdon|Earthquake|p1a: Hippowdon
|-crit|p1a: Hippowdon
|-damage|p1a: Hippowdon|63/100
|
|-weather|Sandstorm|[upkeep]
|-damage|p2a: Hippowdon|32/100|[from] Sandstorm
|upkeep
|turn|75
|
|t:|1685887235
|move|p1a: Hippowdon|Earthquake|p2a: Hippowdon
|-damage|p2a: Hippowdon|3/100
|move|p2a: Hippowdon|Slack Off|p2a: Hippowdon
|-heal|p2a: Hippowdon|53/100
|
|-weather|Sandstorm|[upkeep]
|-damage|p2a: Hippowdon|47/100|[from] Sandstorm
|upkeep
|turn|76
|
|t:|1685887242
|move|p1a: Hippowdon|Earthquake|p2a: Hippowdon
|-damage|p2a: Hippowdon|22/100
|move|p2a: Hippowdon|Slack Off|p2a: Hippowdon
|-heal|p2a: Hippowdon|72/100
|
|-weather|none
|upkeep
|turn|77
|
|t:|1685887244
|switch|p2a: Slowbro|Slowbro, M|77/100
|-damage|p2a: Slowbro|64/100|[from] Stealth Rock
|move|p1a: Hippowdon|Earthquake|p2a: Slowbro
|-damage|p2a: Slowbro|43/100
|
|upkeep
|turn|78
|
|t:|1685887254
|switch|p1a: Scream Tail|Scream Tail|53/100 brn
|move|p2a: Slowbro|Surf|p1a: Scream Tail
|-damage|p1a: Scream Tail|36/100 brn
|
|-damage|p1a: Scream Tail|29/100 brn|[from] brn
|upkeep
|turn|79
|
|t:|1685887278
|move|p1a: Scream Tail|Dazzling Gleam|p2a: Slowbro
|-damage|p2a: Slowbro|23/100
|move|p2a: Slowbro|Surf|p1a: Scream Tail
|-damage|p1a: Scream Tail|11/100 brn
|
|-damage|p1a: Scream Tail|5/100 brn|[from] brn
|upkeep
|turn|80
|
|t:|1685887289
|move|p1a: Scream Tail|Wish|p1a: Scream Tail
|move|p2a: Slowbro|Surf|p1a: Scream Tail
|-damage|p1a: Scream Tail|0 fnt
|faint|p1a: Scream Tail
|-end|p1a: Scream Tail|Protosynthesis|[silent]
|
|upkeep
|
|t:|1685887292
|switch|p1a: Magnezone|Magnezone, tera:Grass|28/100 brn
|-damage|p1a: Magnezone|16/100 brn|[from] Stealth Rock
|turn|81
|
|t:|1685887328
|switch|p2a: Hippowdon|Hippowdon, F, tera:Ghost|72/100
|-damage|p2a: Hippowdon|59/100|[from] Stealth Rock
|-weather|Sandstorm|[from] ability: Sand Stream|[of] p2a: Hippowdon
|move|p1a: Magnezone|Thunderbolt|p2a: Hippowdon
|-damage|p2a: Hippowdon|27/100
|
|-weather|Sandstorm|[upkeep]
|-damage|p1a: Magnezone|10/100 brn|[from] Sandstorm
|-damage|p2a: Hippowdon|21/100|[from] Sandstorm
|-heal|p1a: Magnezone|87/100 brn|[from] move: Wish|[wisher] Scream Tail
|-damage|p1a: Magnezone|81/100 brn|[from] brn
|upkeep
|turn|82
|c|☆7MM|gg
|
|t:|1685887334
|move|p1a: Magnezone|Thunderbolt|p2a: Hippowdon
|-damage|p2a: Hippowdon|0 fnt
|faint|p2a: Hippowdon
|
|-weather|Sandstorm|[upkeep]
|-damage|p1a: Magnezone|75/100 brn|[from] Sandstorm
|-damage|p1a: Magnezone|68/100 brn|[from] brn
|upkeep
|c|☆Liz Angeles ✿|gg
|
|t:|1685887336
|switch|p2a: Slowbro|Slowbro, M|57/100
|-damage|p2a: Slowbro|44/100|[from] Stealth Rock
|turn|83
|
|t:|1685887339
|move|p1a: Magnezone|Thunderbolt|p2a: Slowbro
|-supereffective|p2a: Slowbro
|-damage|p2a: Slowbro|0 fnt
|faint|p2a: Slowbro
|
|win|Liz Angeles ✿
|l| JustFranco‽
