|j|☆Kirin364
|j|☆Monkedabest5
|t:|1685865877
|gametype|singles
|player|p1|Kirin364|dawn|1000
|player|p2|Monkedabest5|blackbelt|1015
|teamsize|p1|6
|teamsize|p2|6
|gen|9
|tier|[Gen 9] OU
|rated|
|rule|Sleep Clause Mod: Limit one foe put to sleep
|rule|Species Clause: Limit one of each Pokémon
|rule|OHKO Clause: OHKO moves are banned
|rule|Evasion Items Clause: Evasion items are banned
|rule|Evasion Moves Clause: Evasion moves are banned
|rule|Endless Battle Clause: Forcing endless battles is banned
|rule|HP Percentage Mod: HP is shown in percentages
|clearpoke
|poke|p1|Gholdengo|
|poke|p1|Great Tusk|
|poke|p1|Kingambit, F|
|poke|p1|Grimmsnarl, M|
|poke|p1|Dragapult, F|
|poke|p1|Clodsire, M|
|poke|p2|Garganacl, M|
|poke|p2|Great Tusk|
|poke|p2|Ting-Lu|
|poke|p2|Slither Wing|
|poke|p2|Torkoal, M|
|poke|p2|Walking Wake|
|teampreview
|
|t:|1685865902
|start
|switch|p1a: Yikang|Grimmsnarl, M|100/100
|switch|p2a: Ting-Lu|Ting-Lu|100/100
|-ability|p2a: Ting-Lu|Vessel of Ruin
|turn|1
|
|t:|1685865910
|move|p1a: Yikang|Light Screen|p1a: Yikang
|-sidestart|p1: Kirin364|move: Light Screen
|move|p2a: Ting-Lu|Taunt|p1a: Yikang
|-start|p1a: Yikang|move: Taunt
|
|upkeep
|turn|2
|
|t:|1685865920
|move|p1a: Yikang|Play Rough|p2a: Ting-Lu|[miss]
|-miss|p1a: Yikang|p2a: Ting-Lu
|move|p2a: Ting-Lu|Stealth Rock|p1a: Yikang
|-sidestart|p1: Kirin364|move: Stealth Rock
|
|upkeep
|turn|3
|
|t:|1685865931
|switch|p2a: Garganacl|Garganacl, M|100/100
|move|p1a: Yikang|Play Rough|p2a: Garganacl
|-damage|p2a: Garganacl|77/100
|-damage|p1a: Yikang|84/100|[from] item: Rocky Helmet|[of] p2a: Garganacl
|
|upkeep
|turn|4
|
|t:|1685865967
|switch|p1a: Bushy Boi|Great Tusk|100/100
|-damage|p1a: Bushy Boi|98/100|[from] Stealth Rock
|move|p2a: Garganacl|Salt Cure|p1a: Bushy Boi
|-resisted|p1a: Bushy Boi
|-damage|p1a: Bushy Boi|96/100
|-start|p1a: Bushy Boi|Salt Cure
|
|-heal|p1a: Bushy Boi|100/100|[from] item: Leftovers
|-damage|p1a: Bushy Boi|88/100|[from] Salt Cure
|upkeep
|turn|5
|
|t:|1685865996
|move|p1a: Bushy Boi|Stealth Rock|p2a: Garganacl
|-sidestart|p2: Monkedabest5|move: Stealth Rock
|move|p2a: Garganacl|Recover|p2a: Garganacl
|-heal|p2a: Garganacl|100/100
|
|-heal|p1a: Bushy Boi|94/100|[from] item: Leftovers
|-damage|p1a: Bushy Boi|82/100|[from] Salt Cure
|upkeep
|turn|6
|
|t:|1685866005
|move|p1a: Bushy Boi|Rapid Spin|p2a: Garganacl
|-resisted|p2a: Garganacl
|-damage|p2a: Garganacl|96/100
|-boost|p1a: Bushy Boi|spe|1
|-damage|p1a: Bushy Boi|65/100|[from] item: Rocky Helmet|[of] p2a: Garganacl
|-sideend|p1: Kirin364|Stealth Rock|[from] move: Rapid Spin|[of] p1a: Bushy Boi
|move|p2a: Garganacl|Curse|p2a: Garganacl
|-unboost|p2a: Garganacl|spe|1
|-boost|p2a: Garganacl|atk|1
|-boost|p2a: Garganacl|def|1
|
|-heal|p1a: Bushy Boi|71/100|[from] item: Leftovers
|-damage|p1a: Bushy Boi|59/100|[from] Salt Cure
|upkeep
|turn|7
|
|t:|1685866023
|-end|p1a: Bushy Boi|Protosynthesis|[silent]
|switch|p1a: Draco Malfoy|Dragapult, F, shiny|100/100
|move|p2a: Garganacl|Salt Cure|p1a: Draco Malfoy
|-damage|p1a: Draco Malfoy|71/100
|-start|p1a: Draco Malfoy|Salt Cure
|
|-damage|p1a: Draco Malfoy|59/100|[from] Salt Cure
|upkeep
|turn|8
|
|t:|1685866032
|move|p1a: Draco Malfoy|Hydro Pump|p2a: Garganacl
|-supereffective|p2a: Garganacl
|-damage|p2a: Garganacl|33/100
|-damage|p1a: Draco Malfoy|49/100|[from] item: Life Orb
|move|p2a: Garganacl|Recover|p2a: Garganacl
|-heal|p2a: Garganacl|83/100
|
|-damage|p1a: Draco Malfoy|36/100|[from] Salt Cure
|-sideend|p1: Kirin364|move: Light Screen
|upkeep
|turn|9
|
|t:|1685866050
|switch|p2a: Torkoal|Torkoal, M|100/100
|-weather|SunnyDay|[from] ability: Drought|[of] p2a: Torkoal
|move|p1a: Draco Malfoy|Hydro Pump|p2a: Torkoal|[miss]
|-miss|p1a: Draco Malfoy|p2a: Torkoal
|
|-weather|SunnyDay|[upkeep]
|-damage|p1a: Draco Malfoy|24/100|[from] Salt Cure
|upkeep
|turn|10
|
|t:|1685866058
|move|p1a: Draco Malfoy|Hydro Pump|p2a: Torkoal
|-supereffective|p2a: Torkoal
|-damage|p2a: Torkoal|63/100
|-damage|p1a: Draco Malfoy|14/100|[from] item: Life Orb
|move|p2a: Torkoal|Rapid Spin|p1a: Draco Malfoy
|-immune|p1a: Draco Malfoy
|
|-weather|SunnyDay|[upkeep]
|-damage|p1a: Draco Malfoy|2/100|[from] Salt Cure
|upkeep
|turn|11
|
|t:|1685866069
|move|p1a: Draco Malfoy|Draco Meteor|p2a: Torkoal
|-damage|p2a: Torkoal|0 fnt
|-unboost|p1a: Draco Malfoy|spa|2
|faint|p2a: Torkoal
|-damage|p1a: Draco Malfoy|0 fnt|[from] item: Life Orb
|faint|p1a: Draco Malfoy
|
|-weather|SunnyDay|[upkeep]
|upkeep
|
|t:|1685866079
|switch|p1a: Putney|Clodsire, M|100/100
|switch|p2a: Ting-Lu|Ting-Lu|100/100
|-damage|p2a: Ting-Lu|94/100|[from] Stealth Rock
|-ability|p2a: Ting-Lu|Vessel of Ruin
|turn|12
|
|t:|1685866087
|move|p2a: Ting-Lu|Taunt|p1a: Putney
|-start|p1a: Putney|move: Taunt
|cant|p1a: Putney|move: Taunt|Toxic
|
|-weather|SunnyDay|[upkeep]
|-heal|p2a: Ting-Lu|100/100|[from] item: Leftovers
|upkeep
|turn|13
|
|t:|1685866101
|switch|p1a: Gold|Gholdengo|100/100
|move|p2a: Ting-Lu|Stealth Rock|p1a: Gold
|-sidestart|p1: Kirin364|move: Stealth Rock
|
|-weather|none
|upkeep
|turn|14
|
|t:|1685866123
|move|p1a: Gold|Nasty Plot|p1a: Gold
|-boost|p1a: Gold|spa|2
|move|p2a: Ting-Lu|Taunt|p1a: Gold
|-immune|p1a: Gold|[from] ability: Good as Gold
|
|upkeep
|turn|15
|
|t:|1685866129
|move|p1a: Gold|Make It Rain|p2a: Ting-Lu
|-damage|p2a: Ting-Lu|38/100
|-unboost|p1a: Gold|spa|1
|move|p2a: Ting-Lu|Ruination|p1a: Gold
|-damage|p1a: Gold|51/100
|
|-heal|p1a: Gold|57/100|[from] item: Leftovers
|-heal|p2a: Ting-Lu|44/100|[from] item: Leftovers
|upkeep
|turn|16
|
|t:|1685866158
|switch|p2a: Walking Wake|Walking Wake|100/100
|-damage|p2a: Walking Wake|88/100|[from] Stealth Rock
|move|p1a: Gold|Make It Rain|p2a: Walking Wake
|-resisted|p2a: Walking Wake
|-damage|p2a: Walking Wake|32/100
|-unboost|p1a: Gold|spa|1
|
|-heal|p1a: Gold|63/100|[from] item: Leftovers
|upkeep
|turn|17
|
|t:|1685866171
|move|p2a: Walking Wake|Flamethrower|p1a: Gold
|-supereffective|p1a: Gold
|-damage|p1a: Gold|0 fnt
|faint|p1a: Gold
|-damage|p2a: Walking Wake|22/100|[from] item: Life Orb
|
|upkeep
|
|t:|1685866180
|switch|p1a: Putney|Clodsire, M|100/100
|-damage|p1a: Putney|94/100|[from] Stealth Rock
|turn|18
|
|t:|1685866185
|move|p2a: Walking Wake|Hydro Steam|p1a: Putney
|-supereffective|p1a: Putney
|-damage|p1a: Putney|35/100
|-damage|p2a: Walking Wake|12/100|[from] item: Life Orb
|move|p1a: Putney|Toxic|p2a: Walking Wake
|-status|p2a: Walking Wake|tox
|
|-heal|p1a: Putney|42/100|[from] item: Leftovers
|-damage|p2a: Walking Wake|6/100 tox|[from] psn
|upkeep
|turn|19
|
|t:|1685866203
|switch|p1a: Yikang|Grimmsnarl, M|84/100
|-damage|p1a: Yikang|72/100|[from] Stealth Rock
|move|p2a: Walking Wake|Hydro Steam|p1a: Yikang
|-damage|p1a: Yikang|9/100
|-damage|p2a: Walking Wake|0 fnt|[from] item: Life Orb
|faint|p2a: Walking Wake
|-end|p2a: Walking Wake|Protosynthesis|[silent]
|
|upkeep
|
|t:|1685866230
|switch|p2a: Ting-Lu|Ting-Lu|44/100
|-damage|p2a: Ting-Lu|38/100|[from] Stealth Rock
|-ability|p2a: Ting-Lu|Vessel of Ruin
|turn|20
|
|t:|1685866237
|move|p1a: Yikang|Play Rough|p2a: Ting-Lu
|-supereffective|p2a: Ting-Lu
|-damage|p2a: Ting-Lu|0 fnt
|faint|p2a: Ting-Lu
|
|upkeep
|
|t:|1685866243
|switch|p2a: Great Tusk|Great Tusk|100/100
|-damage|p2a: Great Tusk|98/100|[from] Stealth Rock
|turn|21
|
|t:|1685866257
|move|p2a: Great Tusk|Headlong Rush|p1a: Yikang
|-damage|p1a: Yikang|0 fnt
|-unboost|p2a: Great Tusk|def|1
|-unboost|p2a: Great Tusk|spd|1
|faint|p1a: Yikang
|
|upkeep
|
|t:|1685866270
|switch|p1a: Kirin|Kingambit, F, shiny|100/100
|-damage|p1a: Kirin|94/100|[from] Stealth Rock
|-activate|p1a: Kirin|ability: Supreme Overlord
|-start|p1a: Kirin|fallen3|[silent]
|turn|22
|
|t:|1685866284
|move|p2a: Great Tusk|Headlong Rush|p1a: Kirin
|-supereffective|p1a: Kirin
|-damage|p1a: Kirin|0 fnt
|-unboost|p2a: Great Tusk|def|1
|-unboost|p2a: Great Tusk|spd|1
|faint|p1a: Kirin
|-end|p1a: Kirin|fallen3|[silent]
|
|upkeep
|
|t:|1685866291
|switch|p1a: Bushy Boi|Great Tusk|59/100
|-damage|p1a: Bushy Boi|56/100|[from] Stealth Rock
|turn|23
|
|t:|1685866296
|move|p2a: Great Tusk|Headlong Rush|p1a: Bushy Boi
|-damage|p1a: Bushy Boi|22/100
|-unboost|p2a: Great Tusk|def|1
|-unboost|p2a: Great Tusk|spd|1
|move|p1a: Bushy Boi|Knock Off|p2a: Great Tusk
|-resisted|p2a: Great Tusk
|-damage|p2a: Great Tusk|71/100
|-enditem|p2a: Great Tusk|Choice Scarf|[from] move: Knock Off|[of] p1a: Bushy Boi
|
|-heal|p1a: Bushy Boi|28/100|[from] item: Leftovers
|upkeep
|turn|24
|
|t:|1685866310
|move|p2a: Great Tusk|Play Rough|p1a: Bushy Boi|[miss]
|-miss|p2a: Great Tusk|p1a: Bushy Boi
|move|p1a: Bushy Boi|Earthquake|p2a: Great Tusk
|-damage|p2a: Great Tusk|0 fnt
|faint|p2a: Great Tusk
|-end|p2a: Great Tusk|Protosynthesis|[silent]
|
|-heal|p1a: Bushy Boi|34/100|[from] item: Leftovers
|upkeep
|
|t:|1685866319
|switch|p2a: Slither Wing|Slither Wing|100/100
|-damage|p2a: Slither Wing|88/100|[from] Stealth Rock
|turn|25
|
|t:|1685866328
|move|p2a: Slither Wing|Close Combat|p1a: Bushy Boi
|-damage|p1a: Bushy Boi|0 fnt
|-unboost|p2a: Slither Wing|def|1
|-unboost|p2a: Slither Wing|spd|1
|faint|p1a: Bushy Boi
|-end|p1a: Bushy Boi|Protosynthesis|[silent]
|
|upkeep
|
|t:|1685866334
|switch|p1a: Putney|Clodsire, M|42/100
|-damage|p1a: Putney|35/100|[from] Stealth Rock
|turn|26
|
|t:|1685866339
|-end|p2a: Slither Wing|Protosynthesis|[silent]
|switch|p2a: Garganacl|Garganacl, M|83/100
|-damage|p2a: Garganacl|70/100|[from] Stealth Rock
|move|p1a: Putney|Recover|p1a: Putney
|-heal|p1a: Putney|86/100
|
|-heal|p1a: Putney|92/100|[from] item: Leftovers
|upkeep
|turn|27
|
|t:|1685866350
|move|p2a: Garganacl|Recover|p2a: Garganacl
|-heal|p2a: Garganacl|100/100
|move|p1a: Putney|Toxic Spikes|p2a: Garganacl
|-sidestart|p2: Monkedabest5|move: Toxic Spikes
|
|-heal|p1a: Putney|98/100|[from] item: Leftovers
|upkeep
|turn|28
|
|t:|1685866356
|move|p2a: Garganacl|Curse|p2a: Garganacl
|-unboost|p2a: Garganacl|spe|1
|-boost|p2a: Garganacl|atk|1
|-boost|p2a: Garganacl|def|1
|move|p1a: Putney|Toxic Spikes|p2a: Garganacl
|-sidestart|p2: Monkedabest5|move: Toxic Spikes
|
|-heal|p1a: Putney|100/100|[from] item: Leftovers
|upkeep
|turn|29
|
|t:|1685866364
|move|p1a: Putney|Substitute|p1a: Putney
|-start|p1a: Putney|Substitute
|-damage|p1a: Putney|76/100
|move|p2a: Garganacl|Curse|p2a: Garganacl
|-unboost|p2a: Garganacl|spe|1
|-boost|p2a: Garganacl|atk|1
|-boost|p2a: Garganacl|def|1
|
|-heal|p1a: Putney|82/100|[from] item: Leftovers
|upkeep
|turn|30
|
|t:|1685866373
|move|p1a: Putney|Toxic|p2a: Garganacl
|-immune|p2a: Garganacl|[from] ability: Purifying Salt
|move|p2a: Garganacl|Body Press|p1a: Putney
|-resisted|p1a: Putney
|-activate|p1a: Putney|move: Substitute|[damage]
|
|-heal|p1a: Putney|88/100|[from] item: Leftovers
|upkeep
|turn|31
|
|t:|1685866388
|move|p1a: Putney|Substitute|p1a: Putney
|-fail|p1a: Putney|move: Substitute
|move|p2a: Garganacl|Curse|p2a: Garganacl
|-unboost|p2a: Garganacl|spe|1
|-boost|p2a: Garganacl|atk|1
|-boost|p2a: Garganacl|def|1
|
|-heal|p1a: Putney|94/100|[from] item: Leftovers
|upkeep
|turn|32
|
|t:|1685866401
|move|p1a: Putney|Toxic Spikes||[still]
|-fail|p1a: Putney
|move|p2a: Garganacl|Curse|p2a: Garganacl
|-unboost|p2a: Garganacl|spe|1
|-boost|p2a: Garganacl|atk|1
|-boost|p2a: Garganacl|def|1
|
|-heal|p1a: Putney|99/100|[from] item: Leftovers
|upkeep
|turn|33
|
|t:|1685866408
|move|p1a: Putney|Toxic Spikes||[still]
|-fail|p1a: Putney
|move|p2a: Garganacl|Curse|p2a: Garganacl
|-unboost|p2a: Garganacl|spe|1
|-boost|p2a: Garganacl|atk|1
|-boost|p2a: Garganacl|def|1
|
|-heal|p1a: Putney|100/100|[from] item: Leftovers
|upkeep
|turn|34
|
|t:|1685866416
|move|p1a: Putney|Toxic Spikes||[still]
|-fail|p1a: Putney
|move|p2a: Garganacl|Curse|p2a: Garganacl
|-unboost|p2a: Garganacl|spe|1
|-boost|p2a: Garganacl|atk|1
|-boost|p2a: Garganacl|def|1
|
|upkeep
|turn|35
|
|t:|1685866428
|move|p1a: Putney|Toxic Spikes||[still]
|-fail|p1a: Putney
|move|p2a: Garganacl|Body Press|p1a: Putney
|-resisted|p1a: Putney
|-end|p1a: Putney|Substitute
|
|upkeep
|turn|36
|
|t:|1685866434
|move|p1a: Putney|Substitute|p1a: Putney
|-start|p1a: Putney|Substitute
|-damage|p1a: Putney|76/100
|move|p2a: Garganacl|Salt Cure|p1a: Putney
|-resisted|p1a: Putney
|-activate|p1a: Putney|move: Substitute|[damage]
|
|-heal|p1a: Putney|82/100|[from] item: Leftovers
|upkeep
|turn|37
|
|t:|1685866443
|move|p1a: Putney|Toxic Spikes||[still]
|-fail|p1a: Putney
|move|p2a: Garganacl|Body Press|p1a: Putney
|-resisted|p1a: Putney
|-activate|p1a: Putney|move: Substitute|[damage]
|
|-heal|p1a: Putney|88/100|[from] item: Leftovers
|upkeep
|turn|38
|
|t:|1685866451
|move|p1a: Putney|Toxic Spikes||[still]
|-fail|p1a: Putney
|move|p2a: Garganacl|Body Press|p1a: Putney
|-resisted|p1a: Putney
|-end|p1a: Putney|Substitute
|
|-heal|p1a: Putney|94/100|[from] item: Leftovers
|upkeep
|turn|39
|
|t:|1685866463
|move|p1a: Putney|Substitute|p1a: Putney
|-start|p1a: Putney|Substitute
|-damage|p1a: Putney|69/100
|move|p2a: Garganacl|Curse|p2a: Garganacl
|
|-heal|p1a: Putney|75/100|[from] item: Leftovers
|upkeep
|turn|40
|
|t:|1685866484
|move|p1a: Putney|Toxic Spikes||[still]
|-fail|p1a: Putney
|move|p2a: Garganacl|Salt Cure|p1a: Putney
|-resisted|p1a: Putney
|-activate|p1a: Putney|move: Substitute|[damage]
|
|-heal|p1a: Putney|81/100|[from] item: Leftovers
|upkeep
|turn|41
|
|t:|1685866501
|move|p1a: Putney|Toxic Spikes||[still]
|-fail|p1a: Putney
|move|p2a: Garganacl|Salt Cure|p1a: Putney
|-resisted|p1a: Putney
|-activate|p1a: Putney|move: Substitute|[damage]
|
|-heal|p1a: Putney|87/100|[from] item: Leftovers
|upkeep
|turn|42
|
|t:|1685866518
|move|p1a: Putney|Toxic Spikes||[still]
|-fail|p1a: Putney
|move|p2a: Garganacl|Body Press|p1a: Putney
|-resisted|p1a: Putney
|-end|p1a: Putney|Substitute
|
|-heal|p1a: Putney|93/100|[from] item: Leftovers
|upkeep
|turn|43
|
|t:|1685866531
|move|p1a: Putney|Substitute|p1a: Putney
|-start|p1a: Putney|Substitute
|-damage|p1a: Putney|68/100
|move|p2a: Garganacl|Salt Cure|p1a: Putney
|-resisted|p1a: Putney
|-activate|p1a: Putney|move: Substitute|[damage]
|
|-heal|p1a: Putney|74/100|[from] item: Leftovers
|upkeep
|turn|44
|
|t:|1685866539
|move|p1a: Putney|Toxic Spikes||[still]
|-fail|p1a: Putney
|move|p2a: Garganacl|Salt Cure|p1a: Putney
|-resisted|p1a: Putney
|-activate|p1a: Putney|move: Substitute|[damage]
|
|-heal|p1a: Putney|80/100|[from] item: Leftovers
|upkeep
|turn|45
|
|t:|1685866547
|move|p1a: Putney|Toxic Spikes||[still]
|-fail|p1a: Putney
|move|p2a: Garganacl|Body Press|p1a: Putney
|-resisted|p1a: Putney
|-end|p1a: Putney|Substitute
|
|-heal|p1a: Putney|86/100|[from] item: Leftovers
|upkeep
|turn|46
|
|t:|1685866556
|move|p1a: Putney|Substitute|p1a: Putney
|-start|p1a: Putney|Substitute
|-damage|p1a: Putney|62/100
|move|p2a: Garganacl|Salt Cure|p1a: Putney
|-resisted|p1a: Putney
|-activate|p1a: Putney|move: Substitute|[damage]
|
|-heal|p1a: Putney|68/100|[from] item: Leftovers
|upkeep
|turn|47
|
|t:|1685866564
|move|p1a: Putney|Toxic Spikes||[still]
|-fail|p1a: Putney
|move|p2a: Garganacl|Body Press|p1a: Putney
|-resisted|p1a: Putney
|-activate|p1a: Putney|move: Substitute|[damage]
|
|-heal|p1a: Putney|74/100|[from] item: Leftovers
|upkeep
|turn|48
|
|t:|1685866571
|move|p1a: Putney|Toxic Spikes||[still]
|-fail|p1a: Putney
|move|p2a: Garganacl|Salt Cure|p1a: Putney
|-resisted|p1a: Putney
|-end|p1a: Putney|Substitute
|
|-heal|p1a: Putney|80/100|[from] item: Leftovers
|upkeep
|turn|49
|
|t:|1685866585
|move|p1a: Putney|Toxic Spikes||[still]
|-fail|p1a: Putney
|move|p2a: Garganacl|Body Press|p1a: Putney
|-resisted|p1a: Putney
|-damage|p1a: Putney|67/100
|
|-heal|p1a: Putney|73/100|[from] item: Leftovers
|upkeep
|turn|50
|
|t:|1685866600
|move|p1a: Putney|Substitute|p1a: Putney
|-start|p1a: Putney|Substitute
|-damage|p1a: Putney|48/100
|move|p2a: Garganacl|Salt Cure|p1a: Putney
|-resisted|p1a: Putney
|-activate|p1a: Putney|move: Substitute|[damage]
|
|-heal|p1a: Putney|54/100|[from] item: Leftovers
|upkeep
|turn|51
|
|t:|1685866611
|move|p1a: Putney|Toxic Spikes||[still]
|-fail|p1a: Putney
|move|p2a: Garganacl|Salt Cure|p1a: Putney
|-resisted|p1a: Putney
|-activate|p1a: Putney|move: Substitute|[damage]
|
|-heal|p1a: Putney|60/100|[from] item: Leftovers
|upkeep
|turn|52
|
|t:|1685866620
|move|p1a: Putney|Toxic Spikes||[still]
|-fail|p1a: Putney
|move|p2a: Garganacl|Body Press|p1a: Putney
|-resisted|p1a: Putney
|-end|p1a: Putney|Substitute
|
|-heal|p1a: Putney|66/100|[from] item: Leftovers
|upkeep
|turn|53
|
|t:|1685866627
|move|p1a: Putney|Substitute|p1a: Putney
|-start|p1a: Putney|Substitute
|-damage|p1a: Putney|41/100
|move|p2a: Garganacl|Curse|p2a: Garganacl
|
|-heal|p1a: Putney|47/100|[from] item: Leftovers
|upkeep
|turn|54
|
|t:|1685866633
|move|p1a: Putney|Recover|p1a: Putney
|-heal|p1a: Putney|97/100
|move|p2a: Garganacl|Salt Cure|p1a: Putney
|-resisted|p1a: Putney
|-activate|p1a: Putney|move: Substitute|[damage]
|
|-heal|p1a: Putney|100/100|[from] item: Leftovers
|upkeep
|turn|55
|
|t:|1685866641
|move|p1a: Putney|Toxic Spikes||[still]
|-fail|p1a: Putney
|move|p2a: Garganacl|Salt Cure|p1a: Putney
|-resisted|p1a: Putney
|-activate|p1a: Putney|move: Substitute|[damage]
|
|upkeep
|turn|56
|
|t:|1685866647
|move|p1a: Putney|Toxic Spikes||[still]
|-fail|p1a: Putney
|move|p2a: Garganacl|Body Press|p1a: Putney
|-resisted|p1a: Putney
|-end|p1a: Putney|Substitute
|
|upkeep
|turn|57
|inactive|Battle timer is ON: inactive players will automatically lose when time's up. (requested by Kirin364)
|
|t:|1685866705
|move|p1a: Putney|Substitute|p1a: Putney
|-start|p1a: Putney|Substitute
|-damage|p1a: Putney|76/100
|move|p2a: Garganacl|Salt Cure|p1a: Putney
|-resisted|p1a: Putney
|-activate|p1a: Putney|move: Substitute|[damage]
|
|-heal|p1a: Putney|82/100|[from] item: Leftovers
|upkeep
|turn|58
|
|t:|1685866715
|move|p1a: Putney|Toxic Spikes||[still]
|-fail|p1a: Putney
|move|p2a: Garganacl|Salt Cure|p1a: Putney
|-resisted|p1a: Putney
|-activate|p1a: Putney|move: Substitute|[damage]
|
|-heal|p1a: Putney|88/100|[from] item: Leftovers
|upkeep
|turn|59
|
|t:|1685866722
|move|p1a: Putney|Toxic Spikes||[still]
|-fail|p1a: Putney
|move|p2a: Garganacl|Body Press|p1a: Putney
|-resisted|p1a: Putney
|-end|p1a: Putney|Substitute
|
|-heal|p1a: Putney|94/100|[from] item: Leftovers
|upkeep
|turn|60
|
|t:|1685866729
|move|p1a: Putney|Substitute|p1a: Putney
|-start|p1a: Putney|Substitute
|-damage|p1a: Putney|69/100
|move|p2a: Garganacl|Salt Cure|p1a: Putney
|-resisted|p1a: Putney
|-activate|p1a: Putney|move: Substitute|[damage]
|
|-heal|p1a: Putney|75/100|[from] item: Leftovers
|upkeep
|turn|61
|
|t:|1685866754
|move|p1a: Putney|Toxic Spikes||[still]
|-fail|p1a: Putney
|move|p2a: Garganacl|Salt Cure|p1a: Putney
|-resisted|p1a: Putney
|-activate|p1a: Putney|move: Substitute|[damage]
|
|-heal|p1a: Putney|81/100|[from] item: Leftovers
|upkeep
|turn|62
|
|t:|1685866762
|move|p1a: Putney|Toxic|p2a: Garganacl
|-immune|p2a: Garganacl|[from] ability: Purifying Salt
|move|p2a: Garganacl|Salt Cure|p1a: Putney
|-resisted|p1a: Putney
|-activate|p1a: Putney|move: Substitute|[damage]
|
|-heal|p1a: Putney|87/100|[from] item: Leftovers
|upkeep
|turn|63
|
|t:|1685866770
|move|p1a: Putney|Toxic|p2a: Garganacl
|-immune|p2a: Garganacl|[from] ability: Purifying Salt
|move|p2a: Garganacl|Body Press|p1a: Putney
|-resisted|p1a: Putney
|-end|p1a: Putney|Substitute
|
|-heal|p1a: Putney|93/100|[from] item: Leftovers
|upkeep
|turn|64
|
|t:|1685866778
|move|p1a: Putney|Substitute|p1a: Putney
|-start|p1a: Putney|Substitute
|-damage|p1a: Putney|68/100
|move|p2a: Garganacl|Salt Cure|p1a: Putney
|-resisted|p1a: Putney
|-activate|p1a: Putney|move: Substitute|[damage]
|
|-heal|p1a: Putney|74/100|[from] item: Leftovers
|upkeep
|turn|65
|
|t:|1685866788
|move|p1a: Putney|Toxic|p2a: Garganacl
|-immune|p2a: Garganacl|[from] ability: Purifying Salt
|move|p2a: Garganacl|Salt Cure|p1a: Putney
|-resisted|p1a: Putney
|-activate|p1a: Putney|move: Substitute|[damage]
|
|-heal|p1a: Putney|80/100|[from] item: Leftovers
|upkeep
|turn|66
|
|t:|1685866809
|move|p1a: Putney|Toxic|p2a: Garganacl
|-immune|p2a: Garganacl|[from] ability: Purifying Salt
|move|p2a: Garganacl|Body Press|p1a: Putney
|-resisted|p1a: Putney
|-end|p1a: Putney|Substitute
|
|-heal|p1a: Putney|86/100|[from] item: Leftovers
|upkeep
|turn|67
|
|t:|1685866835
|move|p1a: Putney|Substitute|p1a: Putney
|-start|p1a: Putney|Substitute
|-damage|p1a: Putney|62/100
|move|p2a: Garganacl|Curse|p2a: Garganacl
|
|-heal|p1a: Putney|68/100|[from] item: Leftovers
|upkeep
|turn|68
|
|t:|1685866843
|move|p1a: Putney|Toxic|p2a: Garganacl
|-immune|p2a: Garganacl|[from] ability: Purifying Salt
|move|p2a: Garganacl|Salt Cure|p1a: Putney
|-resisted|p1a: Putney
|-activate|p1a: Putney|move: Substitute|[damage]
|
|-heal|p1a: Putney|74/100|[from] item: Leftovers
|upkeep
|turn|69
|
|t:|1685866859
|move|p1a: Putney|Toxic|p2a: Garganacl
|-immune|p2a: Garganacl|[from] ability: Purifying Salt
|move|p2a: Garganacl|Salt Cure|p1a: Putney
|-resisted|p1a: Putney
|-activate|p1a: Putney|move: Substitute|[damage]
|
|-heal|p1a: Putney|80/100|[from] item: Leftovers
|upkeep
|turn|70
|
|t:|1685866871
|move|p1a: Putney|Toxic|p2a: Garganacl
|-immune|p2a: Garganacl|[from] ability: Purifying Salt
|move|p2a: Garganacl|Body Press|p1a: Putney
|-resisted|p1a: Putney
|-end|p1a: Putney|Substitute
|
|-heal|p1a: Putney|86/100|[from] item: Leftovers
|upkeep
|turn|71
|
|t:|1685866882
|move|p1a: Putney|Substitute|p1a: Putney
|-start|p1a: Putney|Substitute
|-damage|p1a: Putney|61/100
|move|p2a: Garganacl|Body Press|p1a: Putney
|-resisted|p1a: Putney
|-activate|p1a: Putney|move: Substitute|[damage]
|
|-heal|p1a: Putney|67/100|[from] item: Leftovers
|upkeep
|turn|72
|
|t:|1685866890
|move|p1a: Putney|Toxic Spikes||[still]
|-fail|p1a: Putney
|move|p2a: Garganacl|Body Press|p1a: Putney
|-resisted|p1a: Putney
|-end|p1a: Putney|Substitute
|
|-heal|p1a: Putney|73/100|[from] item: Leftovers
|upkeep
|turn|73
|
|t:|1685866899
|switch|p2a: Slither Wing|Slither Wing|88/100
|-damage|p2a: Slither Wing|76/100|[from] Stealth Rock
|-status|p2a: Slither Wing|tox
|move|p1a: Putney|Substitute|p1a: Putney
|-start|p1a: Putney|Substitute
|-damage|p1a: Putney|48/100
|
|-heal|p1a: Putney|54/100|[from] item: Leftovers
|-damage|p2a: Slither Wing|70/100 tox|[from] psn
|upkeep
|turn|74
|
|t:|1685866911
|-terastallize|p1a: Putney|Water
|move|p2a: Slither Wing|Flare Blitz|p1a: Putney
|-resisted|p1a: Putney
|-end|p1a: Putney|Substitute
|-damage|p2a: Slither Wing|58/100 tox|[from] Recoil|[of] p1a: Putney
|move|p1a: Putney|Recover|p1a: Putney
|-heal|p1a: Putney|100/100
|
|-damage|p2a: Slither Wing|46/100 tox|[from] psn
|upkeep
|turn|75
|
|t:|1685866922
|move|p2a: Slither Wing|Flare Blitz|p1a: Putney
|-resisted|p1a: Putney
|-damage|p1a: Putney|61/100
|-damage|p2a: Slither Wing|26/100 tox|[from] Recoil
|move|p1a: Putney|Substitute|p1a: Putney
|-start|p1a: Putney|Substitute
|-damage|p1a: Putney|36/100
|
|-heal|p1a: Putney|42/100|[from] item: Leftovers
|-damage|p2a: Slither Wing|8/100 tox|[from] psn
|upkeep
|turn|76
|
|t:|1685866932
|move|p2a: Slither Wing|Flare Blitz|p1a: Putney
|-resisted|p1a: Putney
|-end|p1a: Putney|Substitute
|-damage|p2a: Slither Wing|0 fnt|[from] Recoil|[of] p1a: Putney
|faint|p2a: Slither Wing
|-end|p2a: Slither Wing|Protosynthesis|[silent]
|move|p1a: Putney|Recover|p1a: Putney
|-heal|p1a: Putney|92/100
|
|-heal|p1a: Putney|98/100|[from] item: Leftovers
|upkeep
|
|t:|1685866936
|switch|p2a: Garganacl|Garganacl, M|100/100
|-damage|p2a: Garganacl|88/100|[from] Stealth Rock
|turn|77
|
|t:|1685866945
|move|p2a: Garganacl|Salt Cure|p1a: Putney
|-damage|p1a: Putney|84/100
|-start|p1a: Putney|Salt Cure
|move|p1a: Putney|Substitute|p1a: Putney
|-start|p1a: Putney|Substitute
|-damage|p1a: Putney|59/100
|
|-heal|p1a: Putney|65/100|[from] item: Leftovers
|-damage|p1a: Putney|40/100|[from] Salt Cure
|upkeep
|turn|78
|c|☆Monkedabest5|Checkmate
|
|t:|1685866958
|move|p2a: Garganacl|Curse|p2a: Garganacl
|-unboost|p2a: Garganacl|spe|1
|-boost|p2a: Garganacl|atk|1
|-boost|p2a: Garganacl|def|1
|move|p1a: Putney|Recover|p1a: Putney
|-heal|p1a: Putney|90/100
|
|-heal|p1a: Putney|96/100|[from] item: Leftovers
|-damage|p1a: Putney|72/100|[from] Salt Cure
|upkeep
|turn|79
|
|t:|1685866970
|move|p1a: Putney|Toxic Spikes||[still]
|-fail|p1a: Putney
|move|p2a: Garganacl|Recover|p2a: Garganacl
|-heal|p2a: Garganacl|100/100
|
|-heal|p1a: Putney|78/100|[from] item: Leftovers
|-damage|p1a: Putney|53/100|[from] Salt Cure
|upkeep
|turn|80
|
|t:|1685866979
|move|p1a: Putney|Toxic Spikes||[still]
|-fail|p1a: Putney
|move|p2a: Garganacl|Recover||[still]
|-fail|p2a: Garganacl|heal
|
|-heal|p1a: Putney|59/100|[from] item: Leftovers
|-damage|p1a: Putney|34/100|[from] Salt Cure
|upkeep
|turn|81
|
|t:|1685866987
|move|p1a: Putney|Recover|p1a: Putney
|-heal|p1a: Putney|84/100
|move|p2a: Garganacl|Recover||[still]
|-fail|p2a: Garganacl|heal
|
|-heal|p1a: Putney|90/100|[from] item: Leftovers
|-damage|p1a: Putney|65/100|[from] Salt Cure
|upkeep
|turn|82
|
|t:|1685866995
|move|p1a: Putney|Toxic|p2a: Garganacl
|-immune|p2a: Garganacl|[from] ability: Purifying Salt
|move|p2a: Garganacl|Recover||[still]
|-fail|p2a: Garganacl|heal
|
|-heal|p1a: Putney|71/100|[from] item: Leftovers
|-damage|p1a: Putney|47/100|[from] Salt Cure
|upkeep
|turn|83
|
|t:|1685867004
|move|p1a: Putney|Recover|p1a: Putney
|-heal|p1a: Putney|97/100
|move|p2a: Garganacl|Recover||[still]
|-fail|p2a: Garganacl|heal
|
|-heal|p1a: Putney|100/100|[from] item: Leftovers
|-damage|p1a: Putney|76/100|[from] Salt Cure
|upkeep
|turn|84
|
|t:|1685867015
|move|p1a: Putney|Toxic Spikes||[still]
|-fail|p1a: Putney
|move|p2a: Garganacl|Curse|p2a: Garganacl
|-unboost|p2a: Garganacl|spe|1
|-boost|p2a: Garganacl|atk|1
|-boost|p2a: Garganacl|def|1
|
|-heal|p1a: Putney|82/100|[from] item: Leftovers
|-damage|p1a: Putney|57/100|[from] Salt Cure
|upkeep
|turn|85
|
|t:|1685867025
|move|p1a: Putney|Toxic|p2a: Garganacl|[miss]
|-miss|p1a: Putney|p2a: Garganacl
|move|p2a: Garganacl|Curse|p2a: Garganacl
|-unboost|p2a: Garganacl|spe|1
|-boost|p2a: Garganacl|atk|1
|-boost|p2a: Garganacl|def|1
|
|-heal|p1a: Putney|63/100|[from] item: Leftovers
|-damage|p1a: Putney|38/100|[from] Salt Cure
|upkeep
|turn|86
|
|t:|1685867035
|move|p1a: Putney|Toxic Spikes||[still]
|-fail|p1a: Putney
|move|p2a: Garganacl|Curse|p2a: Garganacl
|-unboost|p2a: Garganacl|spe|1
|-boost|p2a: Garganacl|atk|1
|-boost|p2a: Garganacl|def|1
|
|-heal|p1a: Putney|44/100|[from] item: Leftovers
|-damage|p1a: Putney|19/100|[from] Salt Cure
|upkeep
|turn|87
|
|t:|1685867045
|move|p1a: Putney|Recover|p1a: Putney
|-heal|p1a: Putney|69/100
|move|p2a: Garganacl|Curse|p2a: Garganacl
|-unboost|p2a: Garganacl|spe|1
|-boost|p2a: Garganacl|atk|1
|-boost|p2a: Garganacl|def|1
|
|-heal|p1a: Putney|75/100|[from] item: Leftovers
|-damage|p1a: Putney|51/100|[from] Salt Cure
|upkeep
|turn|88
|
|t:|1685867056
|move|p1a: Putney|Toxic|p2a: Garganacl
|-immune|p2a: Garganacl|[from] ability: Purifying Salt
|move|p2a: Garganacl|Curse|p2a: Garganacl
|-unboost|p2a: Garganacl|spe|1
|-boost|p2a: Garganacl|atk|1
|-boost|p2a: Garganacl|def|1
|
|-heal|p1a: Putney|57/100|[from] item: Leftovers
|-damage|p1a: Putney|32/100|[from] Salt Cure
|upkeep
|turn|89
|
|t:|1685867067
|move|p1a: Putney|Toxic|p2a: Garganacl
|-immune|p2a: Garganacl|[from] ability: Purifying Salt
|move|p2a: Garganacl|Salt Cure|p1a: Putney
|-activate|p1a: Putney|move: Substitute|[damage]
|
|-heal|p1a: Putney|38/100|[from] item: Leftovers
|-damage|p1a: Putney|13/100|[from] Salt Cure
|upkeep
|turn|90
|
|t:|1685867076
|move|p1a: Putney|Toxic Spikes||[still]
|-fail|p1a: Putney
|-activate|p2a: Garganacl|move: Struggle
|move|p2a: Garganacl|Struggle|p1a: Putney
|-end|p1a: Putney|Substitute
|-damage|p2a: Garganacl|75/100|[from] recoil
|
|-heal|p1a: Putney|19/100|[from] item: Leftovers
|-damage|p1a: Putney|0 fnt|[from] Salt Cure
|faint|p1a: Putney
|
|win|Monkedabest5
|upkeep
|raw|Kirin364's rating: 1000 → 1000(+0 for losing)
|raw|Monkedabest5's rating: 1015 → 1051(+36 for winning)
|c|☆Kirin364|GG
