|j|☆samuelred21
|j|☆Veryunsk!lled
|t:|1685903298
|gametype|singles
|player|p1|samuelred21|hugh|1177
|player|p2|Veryunsk!lled|1|1228
|teamsize|p1|6
|teamsize|p2|6
|gen|9
|tier|[Gen 9] OU
|rated|
|rule|Sleep Clause Mod: Limit one foe put to sleep
|rule|Species Clause: Limit one of each Pokémon
|rule|OHKO Clause: OHKO moves are banned
|rule|Evasion Items Clause: Evasion items are banned
|rule|Evasion Moves Clause: Evasion moves are banned
|rule|Endless Battle Clause: Forcing endless battles is banned
|rule|HP Percentage Mod: HP is shown in percentages
|clearpoke
|poke|p1|Ditto|
|poke|p1|Drednaw, M|
|poke|p1|Ceruledge, M|
|poke|p1|Regidrago|
|poke|p1|Magearna|
|poke|p1|Amoonguss, F|
|poke|p2|Lilligant-Hisui, F|
|poke|p2|Magearna|
|poke|p2|Glimmora, M|
|poke|p2|Grimmsnarl, M|
|poke|p2|Gholdengo|
|poke|p2|Iron Valiant|
|teampreview
|
|t:|1685903326
|start
|switch|p1a: Amoonguss|Amoonguss, F|100/100
|switch|p2a: Glimmora|Glimmora, M|100/100
|turn|1
|
|t:|1685903339
|move|p2a: Glimmora|Stealth Rock|p1a: Amoonguss
|-sidestart|p1: samuelred21|move: Stealth Rock
|move|p1a: Amoonguss|Spore|p2a: Glimmora
|-status|p2a: Glimmora|slp|[from] move: Spore
|
|upkeep
|turn|2
|
|t:|1685903347
|switch|p1a: Regidrago|Regidrago|100/100
|-damage|p1a: Regidrago|88/100|[from] Stealth Rock
|cant|p2a: Glimmora|slp
|
|upkeep
|turn|3
|
|t:|1685903353
|switch|p2a: Grimmsnarl|Grimmsnarl, M|100/100
|move|p1a: Regidrago|Dragon Dance|p1a: Regidrago
|-boost|p1a: Regidrago|atk|1
|-boost|p1a: Regidrago|spe|1
|
|upkeep
|turn|4
|
|t:|1685903363
|switch|p1a: Magearna|Magearna|100/100
|-damage|p1a: Magearna|94/100|[from] Stealth Rock
|move|p2a: Grimmsnarl|Reflect|p2a: Grimmsnarl
|-sidestart|p2: Veryunsk!lled|Reflect
|
|upkeep
|turn|5
|
|t:|1685903385
|move|p2a: Grimmsnarl|Taunt|p1a: Magearna
|-start|p1a: Magearna|move: Taunt
|cant|p1a: Magearna|move: Taunt|Calm Mind
|
|upkeep
|turn|6
|j| 5EternalNoob5
|
|t:|1685903392
|move|p2a: Grimmsnarl|Light Screen|p2a: Grimmsnarl
|-sidestart|p2: Veryunsk!lled|move: Light Screen
|move|p1a: Magearna|Flash Cannon|p2a: Grimmsnarl
|-supereffective|p2a: Grimmsnarl
|-damage|p2a: Grimmsnarl|66/100
|
|upkeep
|turn|7
|
|t:|1685903397
|move|p2a: Grimmsnarl|Parting Shot|p1a: Magearna
|-unboost|p1a: Magearna|atk|1
|-unboost|p1a: Magearna|spa|1
|
|t:|1685903401
|switch|p2a: Magearna|Magearna|100/100|[from] Parting Shot
|move|p1a: Magearna|Flash Cannon|p2a: Magearna
|-damage|p2a: Magearna|86/100
|
|-heal|p2a: Magearna|92/100|[from] item: Leftovers
|-end|p1a: Magearna|move: Taunt
|upkeep
|turn|8
|
|t:|1685903409
|move|p2a: Magearna|Shift Gear|p2a: Magearna
|-boost|p2a: Magearna|spe|2
|-boost|p2a: Magearna|atk|1
|move|p1a: Magearna|Calm Mind|p1a: Magearna
|-boost|p1a: Magearna|spa|1
|-boost|p1a: Magearna|spd|1
|
|-heal|p2a: Magearna|98/100|[from] item: Leftovers
|upkeep
|turn|9
|
|t:|1685903416
|move|p2a: Magearna|Calm Mind|p2a: Magearna
|-boost|p2a: Magearna|spa|1
|-boost|p2a: Magearna|spd|1
|move|p1a: Magearna|Calm Mind|p1a: Magearna
|-boost|p1a: Magearna|spa|1
|-boost|p1a: Magearna|spd|1
|
|-heal|p2a: Magearna|100/100|[from] item: Leftovers
|upkeep
|turn|10
|l| 5EternalNoob5
|
|t:|1685903428
|move|p2a: Magearna|Calm Mind|p2a: Magearna
|-boost|p2a: Magearna|spa|1
|-boost|p2a: Magearna|spd|1
|move|p1a: Magearna|Calm Mind|p1a: Magearna
|-boost|p1a: Magearna|spa|1
|-boost|p1a: Magearna|spd|1
|
|upkeep
|turn|11
|
|t:|1685903441
|-terastallize|p1a: Magearna|Steel
|move|p2a: Magearna|Calm Mind|p2a: Magearna
|-boost|p2a: Magearna|spa|1
|-boost|p2a: Magearna|spd|1
|move|p1a: Magearna|Flash Cannon|p2a: Magearna
|-damage|p2a: Magearna|76/100
|
|-heal|p2a: Magearna|82/100|[from] item: Leftovers
|-sideend|p2: Veryunsk!lled|Reflect
|upkeep
|turn|12
|
|t:|1685903450
|move|p2a: Magearna|Calm Mind|p2a: Magearna
|-boost|p2a: Magearna|spa|1
|-boost|p2a: Magearna|spd|1
|move|p1a: Magearna|Flash Cannon|p2a: Magearna
|-damage|p2a: Magearna|62/100
|
|-heal|p2a: Magearna|68/100|[from] item: Leftovers
|upkeep
|turn|13
|
|t:|1685903457
|move|p2a: Magearna|Stored Power|p1a: Magearna
|-resisted|p1a: Magearna
|-damage|p1a: Magearna|50/100
|move|p1a: Magearna|Flash Cannon|p2a: Magearna
|-damage|p2a: Magearna|49/100
|
|-heal|p2a: Magearna|55/100|[from] item: Leftovers
|-sideend|p2: Veryunsk!lled|move: Light Screen
|upkeep
|turn|14
|
|t:|1685903466
|move|p2a: Magearna|Stored Power|p1a: Magearna
|-resisted|p1a: Magearna
|-damage|p1a: Magearna|12/100
|move|p1a: Magearna|Flash Cannon|p2a: Magearna
|-damage|p2a: Magearna|16/100
|
|-heal|p2a: Magearna|22/100|[from] item: Leftovers
|upkeep
|turn|15
|
|t:|1685903474
|move|p2a: Magearna|Draining Kiss|p1a: Magearna
|-resisted|p1a: Magearna
|-damage|p1a: Magearna|0 fnt
|-heal|p2a: Magearna|32/100|[from] drain|[of] p1a: Magearna
|faint|p1a: Magearna
|-ability|p2a: Magearna|Soul-Heart|boost
|-boost|p2a: Magearna|spa|1
|
|-heal|p2a: Magearna|38/100|[from] item: Leftovers
|upkeep
|
|t:|1685903485
|switch|p1a: Ditto|Ditto|100/100
|-damage|p1a: Ditto|88/100|[from] Stealth Rock
|-transform|p1a: Ditto|p2a: Magearna|[from] ability: Imposter
|turn|16
|
|t:|1685903502
|-terastallize|p2a: Magearna|Water
|move|p1a: Ditto|Stored Power|p2a: Magearna
|-crit|p2a: Magearna
|-damage|p2a: Magearna|0 fnt
|faint|p2a: Magearna
|-ability|p1a: Ditto|Soul-Heart|boost
|-boost|p1a: Ditto|spa|1
|
|-heal|p1a: Ditto|94/100|[from] item: Leftovers
|upkeep
|
|t:|1685903507
|switch|p2a: Grimmsnarl|Grimmsnarl, M|66/100
|turn|17
|inactive|Battle timer is ON: inactive players will automatically lose when time's up. (requested by samuelred21)
|
|t:|1685903516
|move|p2a: Grimmsnarl|Light Screen|p2a: Grimmsnarl
|-sidestart|p2: Veryunsk!lled|move: Light Screen
|move|p1a: Ditto|Stored Power|p2a: Grimmsnarl
|-immune|p2a: Grimmsnarl
|
|-heal|p1a: Ditto|99/100|[from] item: Leftovers
|upkeep
|turn|18
|
|t:|1685903526
|move|p2a: Grimmsnarl|Taunt|p1a: Ditto
|-start|p1a: Ditto|move: Taunt
|move|p1a: Ditto|Draining Kiss|p2a: Grimmsnarl
|-supereffective|p2a: Grimmsnarl
|-damage|p2a: Grimmsnarl|0 fnt
|-heal|p1a: Ditto|100/100|[from] drain|[of] p2a: Grimmsnarl
|faint|p2a: Grimmsnarl
|
|upkeep
|c|☆Veryunsk!lled|WHAT
|c|☆Veryunsk!lled|NOT SCARF???
|c|☆Veryunsk!lled|uh oh
|inactive|Veryunsk!lled has 120 seconds left.
|
|t:|1685903564
|switch|p2a: Iron Valiant|Iron Valiant|100/100
|-enditem|p2a: Iron Valiant|Booster Energy
|-activate|p2a: Iron Valiant|ability: Quark Drive|[fromitem]
|-start|p2a: Iron Valiant|quarkdrivespe
|turn|19
|inactive|Veryunsk!lled has 120 seconds left.
|
|t:|1685903571
|move|p2a: Iron Valiant|Aura Sphere|p1a: Ditto
|-damage|p1a: Ditto|87/100
|move|p1a: Ditto|Draining Kiss|p2a: Iron Valiant
|-supereffective|p2a: Iron Valiant
|-damage|p2a: Iron Valiant|0 fnt
|-heal|p1a: Ditto|100/100|[from] drain|[of] p2a: Iron Valiant
|faint|p2a: Iron Valiant
|-end|p2a: Iron Valiant|Quark Drive|[silent]
|
|upkeep
|
|t:|1685903574
|switch|p2a: Gholdengo|Gholdengo|100/100
|turn|20
|
|t:|1685903580
|move|p1a: Ditto|Stored Power|p2a: Gholdengo
|-resisted|p2a: Gholdengo
|-damage|p2a: Gholdengo|0 fnt
|faint|p2a: Gholdengo
|
|-end|p1a: Ditto|move: Taunt
|upkeep
|
|t:|1685903585
|switch|p2a: Glimmora|Glimmora, M|100/100 slp
|turn|21
|-message|Veryunsk!lled forfeited.
|
|win|samuelred21
|raw|samuelred21's rating: 1177 → 1206(+29 for winning)
|raw|Veryunsk!lled's rating: 1228 → 1199(-29 for losing)
|l|☆Veryunsk!lled
