|j|☆Renato 7
|j|☆Repu
|t:|1685819361
|gametype|singles
|player|p1|Renato 7|elio|
|player|p2|Repu|#repu|
|teamsize|p1|6
|teamsize|p2|6
|gen|9
|tier|[Gen 9] OU
|rule|Sleep Clause Mod: Limit one foe put to sleep
|rule|Species Clause: Limit one of each Pokémon
|rule|OHKO Clause: OHKO moves are banned
|rule|Evasion Items Clause: Evasion items are banned
|rule|Evasion Moves Clause: Evasion moves are banned
|rule|Endless Battle Clause: Forcing endless battles is banned
|rule|HP Percentage Mod: HP is shown in percentages
|clearpoke
|poke|p1|Greninja, M|
|poke|p1|Clodsire, M|
|poke|p1|Gholdengo|
|poke|p1|Iron Valiant|
|poke|p1|Great Tusk|
|poke|p1|Corviknight, M|
|poke|p2|Dragapult, M|
|poke|p2|Kingambit, M|
|poke|p2|Gholdengo|
|poke|p2|Iron Valiant|
|poke|p2|Rotom-Wash|
|poke|p2|Garchomp, M|
|teampreview
|
|t:|1685819374
|start
|switch|p1a: Greninja(br)|Greninja, M|100/100
|switch|p2a: Leviathan|Dragapult, M, shiny|100/100
|turn|1
|
|t:|1685819389
|move|p2a: Leviathan|U-turn|p1a: Greninja(br)
|-supereffective|p1a: Greninja(br)
|-damage|p1a: Greninja(br)|0 fnt
|faint|p1a: Greninja(br)
|
|t:|1685819400
|switch|p2a: Zangetsu|Garchomp, M, shiny|100/100|[from] U-turn
|
|upkeep
|
|t:|1685819412
|switch|p1a: FIre bl4st|Iron Valiant|100/100
|turn|2
|
|t:|1685819423
|switch|p2a: Spirit Rush|Gholdengo|100/100
|-terastallize|p1a: FIre bl4st|Fairy
|move|p1a: FIre bl4st|Moonblast|p2a: Spirit Rush
|-resisted|p2a: Spirit Rush
|-damage|p2a: Spirit Rush|63/100
|
|upkeep
|turn|3
|
|t:|1685819432
|-end|p1a: FIre bl4st|Quark Drive|[silent]
|switch|p1a: Rolnadin|Gholdengo|100/100
|move|p2a: Spirit Rush|Make It Rain|p1a: Rolnadin
|-resisted|p1a: Rolnadin
|-crit|p1a: Rolnadin
|-damage|p1a: Rolnadin|18/100
|-unboost|p2a: Spirit Rush|spa|1
|
|upkeep
|turn|4
|
|t:|1685819444
|switch|p2a: Overgod|Kingambit, M, shiny|100/100
|move|p1a: Rolnadin|Shadow Ball|p2a: Overgod
|-resisted|p2a: Overgod
|-damage|p2a: Overgod|78/100
|
|upkeep
|turn|5
|
|t:|1685819461
|switch|p1a: tiringa|Corviknight, M|100/100
|-ability|p1a: tiringa|Pressure
|move|p2a: Overgod|Kowtow Cleave|p1a: tiringa
|-damage|p1a: tiringa|69/100
|
|-heal|p1a: tiringa|75/100|[from] item: Leftovers
|upkeep
|turn|6
|
|t:|1685819471
|-end|p2a: Overgod|fallenundefined|[silent]
|switch|p2a: Phantom|Rotom-Wash, shiny|100/100
|move|p1a: tiringa|U-turn|p2a: Phantom
|-damage|p2a: Phantom|83/100
|
|t:|1685819477
|switch|p1a: Stonks obrigado|Clodsire, M|100/100|[from] U-turn
|
|upkeep
|turn|7
|inactive|Battle timer is ON: inactive players will automatically lose when time's up. (requested by Renato 7)
|
|t:|1685819509
|move|p2a: Phantom|Trick|p1a: Stonks obrigado
|-activate|p2a: Phantom|move: Trick|[of] p1a: Stonks obrigado
|-item|p1a: Stonks obrigado|Choice Scarf|[from] move: Trick
|-item|p2a: Phantom|Heavy-Duty Boots|[from] move: Trick
|move|p1a: Stonks obrigado|Toxic|p2a: Phantom
|-status|p2a: Phantom|tox
|
|-damage|p2a: Phantom|76/100 tox|[from] psn
|upkeep
|turn|8
|
|t:|1685819521
|switch|p1a: ADM de respeito|Great Tusk|100/100
|move|p2a: Phantom|Hydro Pump|p1a: ADM de respeito|[miss]
|-miss|p2a: Phantom|p1a: ADM de respeito
|
|-damage|p2a: Phantom|64/100 tox|[from] psn
|upkeep
|turn|9
|
|t:|1685819530
|-end|p1a: ADM de respeito|Protosynthesis|[silent]
|switch|p1a: Stonks obrigado|Clodsire, M|100/100
|move|p2a: Phantom|Hydro Pump|p1a: Stonks obrigado
|-immune|p1a: Stonks obrigado|[from] ability: Water Absorb
|
|-damage|p2a: Phantom|45/100 tox|[from] psn
|upkeep
|turn|10
|
|t:|1685819546
|move|p2a: Phantom|Hydro Pump|p1a: Stonks obrigado
|-immune|p1a: Stonks obrigado|[from] ability: Water Absorb
|move|p1a: Stonks obrigado|Earthquake|p2a: Phantom
|-immune|p2a: Phantom|[from] ability: Levitate
|
|-damage|p2a: Phantom|20/100 tox|[from] psn
|upkeep
|turn|11
|c|☆Repu|ah, ops
|
|t:|1685819558
|move|p2a: Phantom|Tera Blast|p1a: Stonks obrigado
|-damage|p1a: Stonks obrigado|87/100
|move|p1a: Stonks obrigado|Earthquake|p2a: Phantom
|-immune|p2a: Phantom|[from] ability: Levitate
|
|-damage|p2a: Phantom|0 fnt|[from] psn
|faint|p2a: Phantom
|upkeep
|
|t:|1685819566
|switch|p2a: Zangetsu|Garchomp, M, shiny|100/100
|turn|12
|
|t:|1685819574
|switch|p1a: Rolnadin|Gholdengo|18/100
|move|p2a: Zangetsu|Stealth Rock|p1a: Rolnadin
|-sidestart|p1: Renato 7|move: Stealth Rock
|
|upkeep
|turn|13
|
|t:|1685819589
|move|p2a: Zangetsu|Earthquake|p1a: Rolnadin
|-supereffective|p1a: Rolnadin
|-damage|p1a: Rolnadin|0 fnt
|faint|p1a: Rolnadin
|-damage|p2a: Zangetsu|91/100|[from] item: Life Orb
|
|upkeep
|
|t:|1685819597
|switch|p1a: FIre bl4st|Iron Valiant, tera:Fairy|100/100
|-damage|p1a: FIre bl4st|88/100|[from] Stealth Rock
|turn|14
|
|t:|1685819607
|switch|p2a: Spirit Rush|Gholdengo|63/100
|move|p1a: FIre bl4st|Moonblast|p2a: Spirit Rush
|-resisted|p2a: Spirit Rush
|-damage|p2a: Spirit Rush|27/100
|
|upkeep
|turn|15
|
|t:|1685819615
|move|p1a: FIre bl4st|Moonblast|p2a: Spirit Rush
|-resisted|p2a: Spirit Rush
|-damage|p2a: Spirit Rush|0 fnt
|faint|p2a: Spirit Rush
|
|upkeep
|
|t:|1685819631
|switch|p2a: Calamity|Iron Valiant, shiny|100/100
|-enditem|p2a: Calamity|Booster Energy
|-activate|p2a: Calamity|ability: Quark Drive|[fromitem]
|-start|p2a: Calamity|quarkdrivespe
|turn|16
|
|t:|1685819646
|move|p1a: FIre bl4st|Moonblast|p2a: Calamity
|-supereffective|p2a: Calamity
|-damage|p2a: Calamity|0 fnt
|faint|p2a: Calamity
|-end|p2a: Calamity|Quark Drive|[silent]
|
|upkeep
|
|t:|1685819660
|switch|p2a: Overgod|Kingambit, M, shiny|78/100
|-activate|p2a: Overgod|ability: Supreme Overlord
|-start|p2a: Overgod|fallen3|[silent]
|turn|17
|
|t:|1685819671
|-end|p1a: FIre bl4st|Quark Drive|[silent]
|switch|p1a: ADM de respeito|Great Tusk|100/100
|-damage|p1a: ADM de respeito|98/100|[from] Stealth Rock
|-terastallize|p2a: Overgod|Fairy
|move|p2a: Overgod|Tera Blast|p1a: ADM de respeito
|-supereffective|p1a: ADM de respeito
|-damage|p1a: ADM de respeito|40/100
|
|-heal|p1a: ADM de respeito|47/100|[from] item: Leftovers
|upkeep
|turn|18
|
|t:|1685819682
|-end|p2a: Overgod|fallen3|[silent]
|switch|p2a: Zangetsu|Garchomp, M, shiny|91/100
|move|p1a: ADM de respeito|Rapid Spin|p2a: Zangetsu
|-crit|p2a: Zangetsu
|-damage|p2a: Zangetsu|71/100
|-boost|p1a: ADM de respeito|spe|1
|-damage|p1a: ADM de respeito|34/100|[from] ability: Rough Skin|[of] p2a: Zangetsu
|-sideend|p1: Renato 7|Stealth Rock|[from] move: Rapid Spin|[of] p1a: ADM de respeito
|
|-heal|p1a: ADM de respeito|40/100|[from] item: Leftovers
|upkeep
|turn|19
|
|t:|1685819700
|move|p2a: Zangetsu|Earthquake|p1a: ADM de respeito
|-damage|p1a: ADM de respeito|12/100
|-damage|p2a: Zangetsu|61/100|[from] item: Life Orb
|move|p1a: ADM de respeito|Knock Off|p2a: Zangetsu
|-crit|p2a: Zangetsu
|-damage|p2a: Zangetsu|20/100
|-damage|p1a: ADM de respeito|0 fnt|[from] ability: Rough Skin|[of] p2a: Zangetsu
|faint|p1a: ADM de respeito
|-end|p1a: ADM de respeito|Protosynthesis|[silent]
|
|upkeep
|
|t:|1685819719
|switch|p1a: FIre bl4st|Iron Valiant, tera:Fairy|88/100
|turn|20
|
|t:|1685819724
|move|p1a: FIre bl4st|Moonblast|p2a: Zangetsu
|-supereffective|p2a: Zangetsu
|-damage|p2a: Zangetsu|0 fnt
|faint|p2a: Zangetsu
|
|upkeep
|
|t:|1685819730
|switch|p2a: Overgod|Kingambit, M, shiny, tera:Fairy|78/100
|-activate|p2a: Overgod|ability: Supreme Overlord
|-start|p2a: Overgod|fallen4|[silent]
|turn|21
|
|t:|1685819737
|-end|p1a: FIre bl4st|Quark Drive|[silent]
|switch|p1a: Stonks obrigado|Clodsire, M|87/100
|move|p2a: Overgod|Kowtow Cleave|p1a: Stonks obrigado
|-damage|p1a: Stonks obrigado|10/100
|
|upkeep
|turn|22
|
|t:|1685819745
|move|p2a: Overgod|Sucker Punch||[still]
|-fail|p2a: Overgod
|move|p1a: Stonks obrigado|Toxic|p2a: Overgod
|-status|p2a: Overgod|tox
|-enditem|p2a: Overgod|Lum Berry|[eat]
|-curestatus|p2a: Overgod|tox|[msg]
|
|upkeep
|turn|23
|
|t:|1685819756
|-end|p2a: Overgod|fallen4|[silent]
|switch|p2a: Leviathan|Dragapult, M, shiny|100/100
|move|p1a: Stonks obrigado|Toxic|p2a: Leviathan
|-status|p2a: Leviathan|tox
|
|-damage|p2a: Leviathan|95/100 tox|[from] psn
|upkeep
|turn|24
|
|t:|1685819764
|move|p2a: Leviathan|U-turn|p1a: Stonks obrigado
|-resisted|p1a: Stonks obrigado
|-damage|p1a: Stonks obrigado|0 fnt
|faint|p1a: Stonks obrigado
|
|t:|1685819766
|switch|p2a: Overgod|Kingambit, M, shiny, tera:Fairy|78/100|[from] U-turn
|-activate|p2a: Overgod|ability: Supreme Overlord
|-start|p2a: Overgod|fallen4|[silent]
|
|upkeep
|
|t:|1685819775
|switch|p1a: tiringa|Corviknight, M|75/100
|-ability|p1a: tiringa|Pressure
|turn|25
|
|t:|1685819784
|-end|p2a: Overgod|fallen4|[silent]
|switch|p2a: Leviathan|Dragapult, M, shiny|95/100 tox
|move|p1a: tiringa|Brave Bird|p2a: Leviathan
|-damage|p2a: Leviathan|40/100 tox
|-damage|p1a: tiringa|61/100|[from] Recoil
|
|-heal|p1a: tiringa|67/100|[from] item: Leftovers
|-damage|p2a: Leviathan|34/100 tox|[from] psn
|upkeep
|turn|26
|
|t:|1685819807
|move|p2a: Leviathan|Dragon Darts|p1a: tiringa
|-resisted|p1a: tiringa
|-crit|p1a: tiringa
|-damage|p1a: tiringa|49/100
|-anim|p2a: Leviathan|Dragon Darts|p1a: tiringa
|-resisted|p1a: tiringa
|-damage|p1a: tiringa|37/100
|move|p1a: tiringa|Brave Bird|p2a: Leviathan
|-damage|p2a: Leviathan|0 fnt
|faint|p2a: Leviathan
|-damage|p1a: tiringa|28/100|[from] Recoil
|
|-heal|p1a: tiringa|34/100|[from] item: Leftovers
|upkeep
|
|t:|1685819823
|switch|p2a: Overgod|Kingambit, M, shiny, tera:Fairy|78/100
|-activate|p2a: Overgod|ability: Supreme Overlord
|-start|p2a: Overgod|fallen5|[silent]
|turn|27
|
|t:|1685819836
|move|p2a: Overgod|Swords Dance|p2a: Overgod
|-boost|p2a: Overgod|atk|2
|move|p1a: tiringa|U-turn|p2a: Overgod
|-resisted|p2a: Overgod
|-damage|p2a: Overgod|72/100
|
|t:|1685819843
|switch|p1a: FIre bl4st|Iron Valiant, tera:Fairy|88/100|[from] U-turn
|
|upkeep
|turn|28
|
|t:|1685819864
|move|p1a: FIre bl4st|Trick|p2a: Overgod
|-activate|p1a: FIre bl4st|move: Trick|[of] p2a: Overgod
|-item|p2a: Overgod|Choice Scarf|[from] move: Trick
|-enditem|p1a: FIre bl4st|Choice Scarf|[silent]|[from] move: Trick
|move|p2a: Overgod|Swords Dance|p2a: Overgod
|-boost|p2a: Overgod|atk|2
|
|upkeep
|turn|29
|c|☆Repu|puts
|c|☆Renato 7|Oooo
|c|☆Repu|boa jogada
|c|☆Renato 7|Oooooo
|inactive|Renato 7 has 270 seconds left.
|c|☆Renato 7|Ooooomggggg
|
|t:|1685819885
|move|p1a: FIre bl4st|Moonblast|p2a: Overgod
|-damage|p2a: Overgod|5/100
|move|p2a: Overgod|Swords Dance|p2a: Overgod
|-boost|p2a: Overgod|atk|2
|
|upkeep
|turn|30
|inactive|Renato 7 has 270 seconds left.
|c|☆Repu|gg
|c|☆Renato 7|Reenaatoo
|
|t:|1685819909
|-end|p1a: FIre bl4st|Quark Drive|[silent]
|switch|p1a: tiringa|Corviknight, M|34/100
|-ability|p1a: tiringa|Pressure
|move|p2a: Overgod|Swords Dance|p2a: Overgod
|-boost|p2a: Overgod|atk|0
|
|-heal|p1a: tiringa|40/100|[from] item: Leftovers
|upkeep
|turn|31
|j| blame the victim
|
|t:|1685819926
|move|p2a: Overgod|Swords Dance|p2a: Overgod
|-boost|p2a: Overgod|atk|0
|move|p1a: tiringa|Brave Bird|p2a: Overgod
|-damage|p2a: Overgod|0 fnt
|faint|p2a: Overgod
|-end|p2a: Overgod|fallen5|[silent]
|-damage|p1a: tiringa|39/100|[from] Recoil
|
|win|Renato 7
|l| blame the victim
|c|☆Renato 7|Repu
|c|☆Repu|oi
|c|☆Renato 7|Ha ha ha
|c|☆Renato 7|Boa jogada
|c|☆Repu|sim, foi uma boa jogada
|c|☆Repu|:v
|l|☆Repu
|c|☆Renato 7|N vc jogou bem
|j| ThanatosStormyKing
|c|☆Renato 7|Obg meu deus
|j| vanyman773
|l| vanyman773
|j| Elite Fourxd Lance
|l| Elite Fourxd Lance
|c|☆Renato 7|omg
|l| ThanatosStormyKing
|j| Felipequiron
|l| Felipequiron
|j|+Capybara
|l|+Capybara
|j|+Wildfiree
|j| georgebowserjr1
|j| Hack127
|j|+Wrathoftheleopard
|j| ColossusMalus
|l| georgebowserjr1
|l|+Wildfiree
|j| georgebowserjr1
|l| georgebowserjr1
|l| ColossusMalus
|l| Hack127
|c|☆Renato 7|Tricck
|c|☆Renato 7|Supremase
|n|☆Renato 7|renato7
|l|+Wrathoftheleopard
|j| EuSouDio!
|l| EuSouDio!
|j| ColossusMalus
|j| EuSouDio!
|l| EuSouDio!
|l| ColossusMalus
|j| ColossusMalus
|l| ColossusMalus
|j| Squ0b
|l| Squ0b
|j| stan Sasha Colby
|j| eliaszaper
