|j|☆tremenon
|j|☆TheBlazingFist
|t:|1685824552
|gametype|singles
|player|p1|tremenon|peony|1161
|player|p2|TheBlazingFist|1|1107
|teamsize|p1|6
|teamsize|p2|6
|gen|9
|tier|[Gen 9] OU
|rated|
|rule|Sleep Clause Mod: Limit one foe put to sleep
|rule|Species Clause: Limit one of each Pokémon
|rule|OHKO Clause: OHKO moves are banned
|rule|Evasion Items Clause: Evasion items are banned
|rule|Evasion Moves Clause: Evasion moves are banned
|rule|Endless Battle Clause: Forcing endless battles is banned
|rule|HP Percentage Mod: HP is shown in percentages
|clearpoke
|poke|p1|Articuno-Galar|
|poke|p1|Zamazenta-*|
|poke|p1|Urshifu-*, M|
|poke|p1|Volcanion|
|poke|p1|Avalugg-Hisui, F|
|poke|p1|Braviary-Hisui, M|
|poke|p2|Dragapult, M|
|poke|p2|Rotom-Wash|
|poke|p2|Great Tusk|
|poke|p2|Kingambit, F|
|poke|p2|Volcarona, F|
|poke|p2|Garganacl, M|
|teampreview
|inactive|Battle timer is ON: inactive players will automatically lose when time's up. (requested by TheBlazingFist)
|
|t:|1685824574
|start
|switch|p1a: Bread Baker|Volcanion|100/100
|switch|p2a: I am stuck|Rotom-Wash|100/100
|turn|1
|inactive|tremenon has 120 seconds left.
|
|t:|1685824627
|switch|p1a: OU Pretender|Zamazenta-Crowned|100/100
|-ability|p1a: OU Pretender|Dauntless Shield|boost
|-boost|p1a: OU Pretender|def|1
|move|p2a: I am stuck|Volt Switch|p1a: OU Pretender
|-damage|p1a: OU Pretender|83/100
|
|t:|1685824642
|switch|p2a: Sunburst|Volcarona, F|100/100|[from] Volt Switch
|
|upkeep
|turn|2
|
|t:|1685824660
|switch|p1a: Bread Baker|Volcanion|100/100
|move|p2a: Sunburst|Fiery Dance|p1a: Bread Baker
|-resisted|p1a: Bread Baker
|-damage|p1a: Bread Baker|95/100
|-boost|p2a: Sunburst|spa|1
|
|upkeep
|turn|3
|
|t:|1685824675
|switch|p2a: Mav's Eater|Garganacl, M|100/100
|move|p1a: Bread Baker|Steam Eruption|p2a: Mav's Eater
|-supereffective|p2a: Mav's Eater
|-damage|p2a: Mav's Eater|22/100
|
|-heal|p2a: Mav's Eater|28/100|[from] item: Leftovers
|upkeep
|turn|4
|
|t:|1685824678
|move|p1a: Bread Baker|Steam Eruption|p2a: Mav's Eater
|-supereffective|p2a: Mav's Eater
|-damage|p2a: Mav's Eater|0 fnt
|faint|p2a: Mav's Eater
|
|upkeep
|-message|TheBlazingFist forfeited.
|
|win|tremenon
|raw|tremenon's rating: 1161 → 1182(+21 for winning)
|raw|TheBlazingFist's rating: 1107 → 1086(-21 for losing)
|l|☆TheBlazingFist
