|j|☆kura51
|j|☆tootmimi
|t:|1685870509
|gametype|singles
|player|p1|kura51|lucas|1482
|player|p2|tootmimi|101|1434
|teamsize|p1|6
|teamsize|p2|6
|gen|9
|tier|[Gen 9] OU
|rated|
|rule|Sleep Clause Mod: Limit one foe put to sleep
|rule|Species Clause: Limit one of each Pokémon
|rule|OHKO Clause: OHKO moves are banned
|rule|Evasion Items Clause: Evasion items are banned
|rule|Evasion Moves Clause: Evasion moves are banned
|rule|Endless Battle Clause: Forcing endless battles is banned
|rule|HP Percentage Mod: HP is shown in percentages
|clearpoke
|poke|p1|Torkoal, F|
|poke|p1|Typhlosion-Hisui, M|
|poke|p1|Hatterene, F|
|poke|p1|Walking Wake|
|poke|p1|Landorus-Therian, M|
|poke|p1|Corviknight, M|
|poke|p2|Zapdos-Galar|
|poke|p2|Chien-Pao|
|poke|p2|Great Tusk|
|poke|p2|Walking Wake|
|poke|p2|Scizor, M|
|poke|p2|Gholdengo|
|teampreview
|inactive|Battle timer is ON: inactive players will automatically lose when time's up. (requested by tootmimi)
|
|t:|1685870522
|start
|switch|p1a: Torkoal|Torkoal, F|100/100
|switch|p2a: Walking Wake|Walking Wake|100/100
|-weather|SunnyDay|[from] ability: Drought|[of] p1a: Torkoal
|-activate|p2a: Walking Wake|ability: Protosynthesis
|-start|p2a: Walking Wake|protosynthesisspa
|turn|1
|
|t:|1685870543
|switch|p1a: Hatterene|Hatterene, F|100/100
|move|p2a: Walking Wake|Draco Meteor|p1a: Hatterene
|-immune|p1a: Hatterene
|
|-weather|SunnyDay|[upkeep]
|upkeep
|turn|2
|
|t:|1685870554
|-end|p2a: Walking Wake|Protosynthesis|[silent]
|switch|p2a: Gholdengo|Gholdengo|100/100
|switch|p1a: Walking Wake|Walking Wake|100/100
|-activate|p1a: Walking Wake|ability: Protosynthesis
|-start|p1a: Walking Wake|protosynthesisspe
|
|-weather|SunnyDay|[upkeep]
|upkeep
|turn|3
|
|t:|1685870568
|-terastallize|p1a: Walking Wake|Water
|move|p1a: Walking Wake|Hydro Steam|p2a: Gholdengo
|-damage|p2a: Gholdengo|0 fnt
|faint|p2a: Gholdengo
|
|-weather|SunnyDay|[upkeep]
|upkeep
|
|t:|1685870590
|switch|p2a: Chien-Pao|Chien-Pao|100/100
|-ability|p2a: Chien-Pao|Sword of Ruin
|turn|4
|
|t:|1685870603
|-end|p1a: Walking Wake|Protosynthesis|[silent]
|switch|p1a: Landorus|Landorus-Therian, M|100/100
|-ability|p1a: Landorus|Intimidate|boost
|-unboost|p2a: Chien-Pao|atk|1
|move|p2a: Chien-Pao|Crunch|p1a: Landorus
|-damage|p1a: Landorus|74/100
|-damage|p2a: Chien-Pao|84/100|[from] item: Rocky Helmet|[of] p1a: Landorus
|
|-weather|SunnyDay|[upkeep]
|upkeep
|turn|5
|
|t:|1685870622
|switch|p1a: Hatterene|Hatterene, F|100/100
|move|p2a: Chien-Pao|Ice Spinner|p1a: Hatterene
|-damage|p1a: Hatterene|64/100
|-enditem|p1a: Hatterene|Eject Button
|
|t:|1685870629
|switch|p1a: Walking Wake|Walking Wake, tera:Water|100/100
|-activate|p1a: Walking Wake|ability: Protosynthesis
|-start|p1a: Walking Wake|protosynthesisspe
|
|-weather|SunnyDay|[upkeep]
|upkeep
|turn|6
|
|t:|1685870641
|move|p2a: Chien-Pao|Sucker Punch|p1a: Walking Wake
|-damage|p1a: Walking Wake|66/100
|move|p1a: Walking Wake|Hydro Steam|p2a: Chien-Pao
|-damage|p2a: Chien-Pao|0 fnt
|faint|p2a: Chien-Pao
|
|-weather|SunnyDay|[upkeep]
|upkeep
|
|t:|1685870648
|switch|p2a: Walking Wake|Walking Wake|100/100
|-activate|p2a: Walking Wake|ability: Protosynthesis
|-start|p2a: Walking Wake|protosynthesisspa
|turn|7
|inactive|kura51 has 120 seconds left.
|
|t:|1685870693
|-end|p1a: Walking Wake|Protosynthesis|[silent]
|switch|p1a: Hatterene|Hatterene, F|64/100
|-terastallize|p2a: Walking Wake|Grass
|move|p2a: Walking Wake|Tera Blast|p1a: Hatterene
|-damage|p1a: Hatterene|0 fnt
|faint|p1a: Hatterene
|
|-weather|SunnyDay|[upkeep]
|upkeep
|
|t:|1685870704
|switch|p1a: Walking Wake|Walking Wake, tera:Water|66/100
|-activate|p1a: Walking Wake|ability: Protosynthesis
|-start|p1a: Walking Wake|protosynthesisspe
|turn|8
|inactive|tootmimi has 120 seconds left.
|
|t:|1685870737
|-end|p2a: Walking Wake|Protosynthesis|[silent]
|switch|p2a: Zapdos|Zapdos-Galar|100/100
|move|p1a: Walking Wake|Flamethrower|p2a: Zapdos
|-damage|p2a: Zapdos|25/100
|
|-weather|none
|-end|p1a: Walking Wake|Protosynthesis
|upkeep
|turn|9
|inactive|tootmimi has 120 seconds left.
|
|t:|1685870746
|-end|p1a: Walking Wake|Protosynthesis|[silent]
|switch|p1a: Torkoal|Torkoal, F|100/100
|-weather|SunnyDay|[from] ability: Drought|[of] p1a: Torkoal
|move|p2a: Zapdos|U-turn|p1a: Torkoal
|-resisted|p1a: Torkoal
|-damage|p1a: Torkoal|90/100
|inactive|tootmimi has 120 seconds left.
|
|t:|1685870759
|switch|p2a: Walking Wake|Walking Wake, tera:Grass|100/100|[from] U-turn
|-activate|p2a: Walking Wake|ability: Protosynthesis
|-start|p2a: Walking Wake|protosynthesisspa
|
|-weather|SunnyDay|[upkeep]
|upkeep
|turn|10
|inactive|tootmimi has 120 seconds left.
|
|t:|1685870768
|switch|p1a: Landorus|Landorus-Therian, M|74/100
|-ability|p1a: Landorus|Intimidate|boost
|-unboost|p2a: Walking Wake|atk|1
|move|p2a: Walking Wake|Draco Meteor|p1a: Landorus|[miss]
|-miss|p2a: Walking Wake|p1a: Landorus
|
|-weather|SunnyDay|[upkeep]
|upkeep
|turn|11
|
|t:|1685870776
|move|p2a: Walking Wake|Draco Meteor|p1a: Landorus
|-damage|p1a: Landorus|0 fnt
|-unboost|p2a: Walking Wake|spa|2
|faint|p1a: Landorus
|
|-weather|SunnyDay|[upkeep]
|upkeep
|
|t:|1685870779
|switch|p1a: Walking Wake|Walking Wake, tera:Water|66/100
|-activate|p1a: Walking Wake|ability: Protosynthesis
|-start|p1a: Walking Wake|protosynthesisspe
|turn|12
|
|t:|1685870789
|-end|p2a: Walking Wake|Protosynthesis|[silent]
|switch|p2a: Zapdos|Zapdos-Galar|25/100
|move|p1a: Walking Wake|Flamethrower|p2a: Zapdos
|-damage|p2a: Zapdos|0 fnt
|faint|p2a: Zapdos
|
|-weather|SunnyDay|[upkeep]
|upkeep
|
|t:|1685870805
|switch|p2a: Great Tusk|Great Tusk|100/100
|-activate|p2a: Great Tusk|ability: Protosynthesis
|-start|p2a: Great Tusk|protosynthesisatk
|turn|13
|
|t:|1685870814
|-end|p1a: Walking Wake|Protosynthesis|[silent]
|switch|p1a: Typhlosion|Typhlosion-Hisui, M|100/100
|-item|p2a: Great Tusk|Heavy-Duty Boots|[from] ability: Frisk|[of] p1a: Typhlosion|[identify]
|move|p2a: Great Tusk|Knock Off|p1a: Typhlosion
|-supereffective|p1a: Typhlosion
|-crit|p1a: Typhlosion
|-damage|p1a: Typhlosion|0 fnt
|-enditem|p1a: Typhlosion|Choice Specs|[from] move: Knock Off|[of] p2a: Great Tusk
|faint|p1a: Typhlosion
|
|-weather|SunnyDay|[upkeep]
|upkeep
|
|t:|1685870820
|switch|p1a: Walking Wake|Walking Wake, tera:Water|66/100
|-activate|p1a: Walking Wake|ability: Protosynthesis
|-start|p1a: Walking Wake|protosynthesisspe
|turn|14
|
|t:|1685870830
|move|p1a: Walking Wake|Hydro Steam|p2a: Great Tusk
|-supereffective|p2a: Great Tusk
|-damage|p2a: Great Tusk|0 fnt
|faint|p2a: Great Tusk
|-end|p2a: Great Tusk|Protosynthesis|[silent]
|
|-weather|SunnyDay|[upkeep]
|upkeep
|
|t:|1685870836
|switch|p2a: Walking Wake|Walking Wake, tera:Grass|100/100
|-activate|p2a: Walking Wake|ability: Protosynthesis
|-start|p2a: Walking Wake|protosynthesisspa
|turn|15
|
|t:|1685870848
|-end|p1a: Walking Wake|Protosynthesis|[silent]
|switch|p1a: Corviknight|Corviknight, M|100/100
|-ability|p1a: Corviknight|Pressure
|move|p2a: Walking Wake|Draco Meteor|p1a: Corviknight
|-resisted|p1a: Corviknight
|-damage|p1a: Corviknight|58/100
|-unboost|p2a: Walking Wake|spa|2
|
|-weather|SunnyDay|[upkeep]
|-heal|p1a: Corviknight|64/100|[from] item: Leftovers
|upkeep
|turn|16
|
|t:|1685870862
|-end|p2a: Walking Wake|Protosynthesis|[silent]
|switch|p2a: Scizor|Scizor, M|100/100
|move|p1a: Corviknight|U-turn|p2a: Scizor
|-resisted|p2a: Scizor
|-damage|p2a: Scizor|93/100
|
|t:|1685870868
|switch|p1a: Walking Wake|Walking Wake, tera:Water|66/100|[from] U-turn
|-activate|p1a: Walking Wake|ability: Protosynthesis
|-start|p1a: Walking Wake|protosynthesisspe
|
|-weather|none
|-end|p1a: Walking Wake|Protosynthesis
|upkeep
|turn|17
|
|t:|1685870877
|move|p2a: Scizor|Bullet Punch|p1a: Walking Wake
|-resisted|p1a: Walking Wake
|-damage|p1a: Walking Wake|39/100
|move|p1a: Walking Wake|Flamethrower|p2a: Scizor
|-supereffective|p2a: Scizor
|-damage|p2a: Scizor|0 fnt
|faint|p2a: Scizor
|
|upkeep
|
|t:|1685870884
|switch|p2a: Walking Wake|Walking Wake, tera:Grass|100/100
|turn|18
|
|t:|1685870891
|-end|p1a: Walking Wake|Protosynthesis|[silent]
|switch|p1a: Torkoal|Torkoal, F|90/100
|-weather|SunnyDay|[from] ability: Drought|[of] p1a: Torkoal
|-activate|p2a: Walking Wake|ability: Protosynthesis
|-start|p2a: Walking Wake|protosynthesisspa
|move|p2a: Walking Wake|Hydro Steam|p1a: Torkoal
|-supereffective|p1a: Torkoal
|-damage|p1a: Torkoal|0 fnt
|faint|p1a: Torkoal
|
|-weather|SunnyDay|[upkeep]
|upkeep
|
|t:|1685870903
|switch|p1a: Walking Wake|Walking Wake, tera:Water|39/100
|-activate|p1a: Walking Wake|ability: Protosynthesis
|-start|p1a: Walking Wake|protosynthesisspe
|turn|19
|
|t:|1685870910
|move|p1a: Walking Wake|Flamethrower|p2a: Walking Wake
|-supereffective|p2a: Walking Wake
|-damage|p2a: Walking Wake|0 fnt
|faint|p2a: Walking Wake
|-end|p2a: Walking Wake|Protosynthesis|[silent]
|
|win|kura51
|raw|kura51's rating: 1482 → 1499(+17 for winning)
|raw|tootmimi's rating: 1434 → 1417(-17 for losing)
|l|☆tootmimi
