|j|☆Lectrys
|j|☆Btucks6203
|inactive|Battle timer is ON: inactive players will automatically lose when time's up.
|t:|1685832917
|gametype|singles
|player|p1|Lectrys|flannery|
|player|p2|Btucks6203|colress|
|teamsize|p1|8
|teamsize|p2|8
|gen|9
|tier|[Gen 9] OU
|rated|Tournament battle
|rule|Sleep Clause Mod: Limit one foe put to sleep
|rule|Species Clause: Limit one of each Pokémon
|rule|OHKO Clause: OHKO moves are banned
|rule|Evasion Items Clause: Evasion items are banned
|rule|Evasion Moves Clause: Evasion moves are banned
|rule|Endless Battle Clause: Forcing endless battles is banned
|rule|HP Percentage Mod: HP is shown in percentages
|clearpoke
|poke|p1|Sneasler, M|
|poke|p1|Enamorus, F|
|poke|p1|Samurott-Hisui, M|
|poke|p1|Zamazenta-*|
|poke|p1|Iron Treads|
|poke|p1|Skeledirge, M|
|poke|p1|Chien-Pao|
|poke|p1|Goodra-Hisui, F|
|poke|p2|Dragapult, M|
|poke|p2|Kingambit, M|
|poke|p2|Gholdengo|
|poke|p2|Iron Valiant|
|poke|p2|Rotom-Wash|
|poke|p2|Garchomp, M|
|poke|p2|Glimmora, F|
|poke|p2|Chien-Pao|
|teampreview|6
|j|*Lady Monita
|inactive|Btucks6203 also wants the timer to be on.
|j| 508KD
|c|☆Btucks6203|spare me pls
|c|☆Btucks6203|kind sir
|c|☆Btucks6203|lol glhf
|j| Crown Oji
|inactive|Lectrys has 120 seconds left.
|
|t:|1685832953
|start
|switch|p1a: Sneasler|Sneasler, M|100/100
|switch|p2a: I inked myself|Glimmora, F, shiny|100/100
|turn|1
|
|t:|1685832977
|move|p1a: Sneasler|Close Combat|p2a: I inked myself
|-damage|p2a: I inked myself|43/100
|-unboost|p1a: Sneasler|def|1
|-unboost|p1a: Sneasler|spd|1
|-activate|p2a: I inked myself|ability: Toxic Debris
|-sidestart|p1: Lectrys|move: Toxic Spikes
|move|p2a: I inked myself|Earth Power|p1a: Sneasler
|-supereffective|p1a: Sneasler
|-damage|p1a: Sneasler|0 fnt
|faint|p1a: Sneasler
|
|upkeep
|inactive|Lectrys has 120 seconds left.
|
|t:|1685832993
|switch|p1a: Iron Treads|Iron Treads|100/100
|turn|2
|
|t:|1685832996
|move|p1a: Iron Treads|Earthquake|p2a: I inked myself
|-supereffective|p2a: I inked myself
|-damage|p2a: I inked myself|0 fnt
|-activate|p2a: I inked myself|ability: Toxic Debris
|-sidestart|p1: Lectrys|move: Toxic Spikes
|faint|p2a: I inked myself
|
|upkeep
|
|t:|1685833004
|switch|p2a: Phantom|Rotom-Wash, shiny|100/100
|turn|3
|
|t:|1685833009
|move|p2a: Phantom|Trick|p1a: Iron Treads
|-activate|p2a: Phantom|move: Trick|[of] p1a: Iron Treads
|-item|p1a: Iron Treads|Choice Scarf|[from] move: Trick
|-item|p2a: Phantom|Assault Vest|[from] move: Trick
|move|p1a: Iron Treads|Rapid Spin|p2a: Phantom
|-damage|p2a: Phantom|79/100
|-boost|p1a: Iron Treads|spe|1
|-sideend|p1: Lectrys|Toxic Spikes|[from] move: Rapid Spin|[of] p1a: Iron Treads
|
|upkeep
|turn|4
|
|t:|1685833020
|-end|p1a: Iron Treads|Quark Drive|[silent]
|switch|p1a: Goodra|Goodra-Hisui, F|100/100
|move|p2a: Phantom|Hydro Pump|p1a: Goodra|[miss]
|-miss|p2a: Phantom|p1a: Goodra
|
|upkeep
|turn|5
|
|t:|1685833028
|move|p2a: Phantom|Volt Switch|p1a: Goodra
|-resisted|p1a: Goodra
|-damage|p1a: Goodra|93/100
|
|t:|1685833033
|switch|p2a: Spirit Rush|Gholdengo|100/100|[from] Volt Switch
|move|p1a: Goodra|Draco Meteor|p2a: Spirit Rush
|-resisted|p2a: Spirit Rush
|-damage|p2a: Spirit Rush|69/100
|-unboost|p1a: Goodra|spa|2
|
|upkeep
|turn|6
|
|t:|1685833039
|move|p2a: Spirit Rush|Focus Blast|p1a: Goodra|[miss]
|-miss|p2a: Spirit Rush|p1a: Goodra
|move|p1a: Goodra|Earthquake|p2a: Spirit Rush
|-supereffective|p2a: Spirit Rush
|-damage|p2a: Spirit Rush|16/100
|
|upkeep
|turn|7
|
|t:|1685833050
|switch|p1a: Enamorus|Enamorus, F|100/100
|move|p2a: Spirit Rush|Focus Blast|p1a: Enamorus
|-resisted|p1a: Enamorus
|-damage|p1a: Enamorus|80/100
|
|upkeep
|turn|8
|
|t:|1685833057
|move|p1a: Enamorus|Moonblast|p2a: Spirit Rush
|-resisted|p2a: Spirit Rush
|-damage|p2a: Spirit Rush|0 fnt
|faint|p2a: Spirit Rush
|
|upkeep
|
|t:|1685833065
|switch|p2a: Phantom|Rotom-Wash, shiny|79/100
|turn|9
|
|t:|1685833077
|switch|p1a: Goodra|Goodra-Hisui, F|93/100
|move|p2a: Phantom|Hydro Pump|p1a: Goodra|[miss]
|-miss|p2a: Phantom|p1a: Goodra
|
|upkeep
|turn|10
|
|t:|1685833084
|move|p2a: Phantom|Volt Switch|p1a: Goodra
|-resisted|p1a: Goodra
|-damage|p1a: Goodra|86/100
|
|t:|1685833086
|switch|p2a: Calamity|Iron Valiant, shiny|100/100|[from] Volt Switch
|-enditem|p2a: Calamity|Booster Energy
|-activate|p2a: Calamity|ability: Quark Drive|[fromitem]
|-start|p2a: Calamity|quarkdrivespe
|move|p1a: Goodra|Draco Meteor|p2a: Calamity
|-immune|p2a: Calamity
|
|upkeep
|turn|11
|
|t:|1685833092
|move|p2a: Calamity|Swords Dance|p2a: Calamity
|-boost|p2a: Calamity|atk|2
|move|p1a: Goodra|Heavy Slam|p2a: Calamity
|-supereffective|p2a: Calamity
|-damage|p2a: Calamity|0 fnt
|faint|p2a: Calamity
|-end|p2a: Calamity|Quark Drive|[silent]
|
|upkeep
|
|t:|1685833097
|switch|p2a: Leviathan|Dragapult, M, shiny|100/100
|turn|12
|
|t:|1685833101
|-terastallize|p2a: Leviathan|Ghost
|move|p2a: Leviathan|Dragon Darts|p1a: Goodra
|-damage|p1a: Goodra|56/100
|-anim|p2a: Leviathan|Dragon Darts|p1a: Goodra
|-damage|p1a: Goodra|25/100
|move|p1a: Goodra|Draco Meteor|p2a: Leviathan
|-damage|p2a: Leviathan|30/100
|-unboost|p1a: Goodra|spa|2
|
|upkeep
|turn|13
|
|t:|1685833130
|switch|p1a: Enamorus|Enamorus, F|80/100
|move|p2a: Leviathan|Dragon Darts|p1a: Enamorus
|-immune|p1a: Enamorus
|
|upkeep
|turn|14
|
|t:|1685833134
|switch|p2a: Phantom|Rotom-Wash, shiny|79/100
|move|p1a: Enamorus|Moonblast|p2a: Phantom
|-damage|p2a: Phantom|5/100
|
|upkeep
|turn|15
|
|t:|1685833138
|move|p1a: Enamorus|Moonblast|p2a: Phantom
|-damage|p2a: Phantom|0 fnt
|faint|p2a: Phantom
|
|upkeep
|
|t:|1685833140
|switch|p2a: Leviathan|Dragapult, M, shiny, tera:Ghost|30/100
|turn|16
|
|t:|1685833147
|move|p2a: Leviathan|Tera Blast|p1a: Enamorus
|-damage|p1a: Enamorus|0 fnt
|faint|p1a: Enamorus
|
|upkeep
|
|t:|1685833152
|switch|p1a: Zamazenta|Zamazenta|100/100
|-ability|p1a: Zamazenta|Dauntless Shield|boost
|-boost|p1a: Zamazenta|def|1
|turn|17
|j| theironpikachu
|
|t:|1685833160
|move|p1a: Zamazenta|Crunch|p2a: Leviathan
|-supereffective|p2a: Leviathan
|-damage|p2a: Leviathan|0 fnt
|faint|p2a: Leviathan
|
|upkeep
|
|t:|1685833162
|switch|p2a: Overgod|Kingambit, M, shiny|100/100
|-activate|p2a: Overgod|ability: Supreme Overlord
|-start|p2a: Overgod|fallen5|[silent]
|turn|18
|
|t:|1685833167
|move|p1a: Zamazenta|Close Combat|p2a: Overgod
|-supereffective|p2a: Overgod
|-damage|p2a: Overgod|0 fnt
|-unboost|p1a: Zamazenta|def|1
|-unboost|p1a: Zamazenta|spd|1
|faint|p2a: Overgod
|-end|p2a: Overgod|fallen5|[silent]
|
|win|Lectrys
|n|☆Lectrys|lectrys
|n|☆Btucks6203|btucks6203
|n|*Lady Monita|ladymonita
|n| 508KD|508kd
|n| Crown Oji|crownoji
|n| theironpikachu|theironpikachu
