|j|☆lololal
|j|☆Rike971
|t:|1685901407
|gametype|singles
|player|p1|lololal|steven|1340
|player|p2|Rike971|ghetsis|1348
|teamsize|p1|6
|teamsize|p2|6
|gen|9
|tier|[Gen 9] OU
|rated|
|rule|Sleep Clause Mod: Limit one foe put to sleep
|rule|Species Clause: Limit one of each Pokémon
|rule|OHKO Clause: OHKO moves are banned
|rule|Evasion Items Clause: Evasion items are banned
|rule|Evasion Moves Clause: Evasion moves are banned
|rule|Endless Battle Clause: Forcing endless battles is banned
|rule|HP Percentage Mod: HP is shown in percentages
|clearpoke
|poke|p1|Hatterene, F|
|poke|p1|Glastrier|
|poke|p1|Ursaluna, F|
|poke|p1|Slowbro, M|
|poke|p1|Dragapult, F|
|poke|p1|Garganacl, F|
|poke|p2|Arcanine-Hisui, F|
|poke|p2|Landorus-Therian, M|
|poke|p2|Chien-Pao|
|poke|p2|Slowking-Galar, F|
|poke|p2|Gholdengo|
|poke|p2|Great Tusk|
|teampreview
|l|☆lololal
|player|p1|
|j|☆lololal
|player|p1|lololal|steven
|
|t:|1685901444
|start
|switch|p1a: Hatterene|Hatterene, F|100/100
|switch|p2a: Slowking|Slowking-Galar, F|100/100
|turn|1
|
|t:|1685901458
|move|p2a: Slowking|Sludge Bomb|p1a: Hatterene
|-supereffective|p1a: Hatterene
|-damage|p1a: Hatterene|4/100
|move|p1a: Hatterene|Trick Room|p1a: Hatterene
|-fieldstart|move: Trick Room|[of] p1a: Hatterene
|
|upkeep
|turn|2
|
|t:|1685901474
|move|p1a: Hatterene|Mystical Fire|p2a: Slowking
|-damage|p2a: Slowking|84/100
|-unboost|p2a: Slowking|spa|1
|move|p2a: Slowking|Future Sight|p1a: Hatterene
|-start|p2a: Slowking|move: Future Sight
|
|upkeep
|turn|3
|
|t:|1685901485
|move|p1a: Hatterene|Mystical Fire|p2a: Slowking
|-damage|p2a: Slowking|69/100
|-unboost|p2a: Slowking|spa|1
|move|p2a: Slowking|Sludge Bomb|p1a: Hatterene
|-supereffective|p1a: Hatterene
|-damage|p1a: Hatterene|0 fnt
|faint|p1a: Hatterene
|
|upkeep
|
|t:|1685901496
|switch|p1a: Glastrier|Glastrier|100/100
|turn|4
|
|t:|1685901511
|switch|p2a: Gholdengo|Gholdengo|100/100
|-item|p2a: Gholdengo|Air Balloon
|move|p1a: Glastrier|Substitute|p1a: Glastrier
|-start|p1a: Glastrier|Substitute
|-damage|p1a: Glastrier|76/100
|
|-end|p1a: Glastrier|move: Future Sight
|-end|p1a: Glastrier|Substitute
|-heal|p1a: Glastrier|82/100|[from] item: Leftovers
|upkeep
|turn|5
|
|t:|1685901525
|move|p1a: Glastrier|Substitute|p1a: Glastrier
|-start|p1a: Glastrier|Substitute
|-damage|p1a: Glastrier|57/100
|move|p2a: Gholdengo|Shadow Ball|p1a: Glastrier
|-end|p1a: Glastrier|Substitute
|
|-heal|p1a: Glastrier|63/100|[from] item: Leftovers
|-fieldend|move: Trick Room
|upkeep
|turn|6
|
|t:|1685901534
|switch|p1a: Ursaluna|Ursaluna, F|100/100
|move|p2a: Gholdengo|Shadow Ball|p1a: Ursaluna
|-immune|p1a: Ursaluna
|
|-status|p1a: Ursaluna|brn|[from] item: Flame Orb
|upkeep
|turn|7
|
|t:|1685901547
|move|p2a: Gholdengo|Make It Rain|p1a: Ursaluna
|-damage|p1a: Ursaluna|42/100 brn
|-unboost|p2a: Gholdengo|spa|1
|move|p1a: Ursaluna|Swords Dance|p1a: Ursaluna
|-boost|p1a: Ursaluna|atk|2
|
|-damage|p1a: Ursaluna|36/100 brn|[from] brn
|upkeep
|turn|8
|
|t:|1685901556
|move|p2a: Gholdengo|Make It Rain|p1a: Ursaluna
|-damage|p1a: Ursaluna|0 fnt
|-unboost|p2a: Gholdengo|spa|1
|faint|p1a: Ursaluna
|
|upkeep
|
|t:|1685901559
|switch|p1a: Slowbro|Slowbro, M|100/100
|turn|9
|
|t:|1685901570
|switch|p2a: Slowking|Slowking-Galar, F|100/100
|move|p1a: Slowbro|Trick Room|p1a: Slowbro
|-fieldstart|move: Trick Room|[of] p1a: Slowbro
|
|upkeep
|turn|10
|
|t:|1685901575
|move|p2a: Slowking|Sludge Bomb|p1a: Slowbro
|-damage|p1a: Slowbro|49/100
|move|p1a: Slowbro|Calm Mind|p1a: Slowbro
|-boost|p1a: Slowbro|spa|1
|-boost|p1a: Slowbro|spd|1
|
|-heal|p1a: Slowbro|55/100|[from] item: Leftovers
|upkeep
|turn|11
|
|t:|1685901594
|move|p1a: Slowbro|Hydro Pump|p2a: Slowking|[miss]
|-miss|p1a: Slowbro|p2a: Slowking
|move|p2a: Slowking|Sludge Bomb|p1a: Slowbro
|-damage|p1a: Slowbro|23/100
|
|-heal|p1a: Slowbro|29/100|[from] item: Leftovers
|upkeep
|turn|12
|
|t:|1685901601
|move|p2a: Slowking|Sludge Bomb|p1a: Slowbro
|-damage|p1a: Slowbro|0 fnt
|faint|p1a: Slowbro
|
|upkeep
|
|t:|1685901617
|switch|p1a: Glastrier|Glastrier|63/100
|turn|13
|
|t:|1685901619
|move|p2a: Slowking|Flamethrower|p1a: Glastrier
|-supereffective|p1a: Glastrier
|-damage|p1a: Glastrier|18/100
|move|p1a: Glastrier|Substitute|p1a: Glastrier
|-fail|p1a: Glastrier|move: Substitute|[weak]
|
|-heal|p1a: Glastrier|25/100|[from] item: Leftovers
|-fieldend|move: Trick Room
|upkeep
|turn|14
|-message|lololal forfeited.
|
|win|Rike971
|raw|lololal's rating: 1340 → 1320(-20 for losing)
|raw|Rike971's rating: 1348 → 1368(+20 for winning)
|l|☆lololal
