|j|☆ivanclacome
|j|☆SternLance
|t:|1685851781
|gametype|singles
|player|p1|ivanclacome|maid|1455
|player|p2|SternLance|brock|1509
|teamsize|p1|6
|teamsize|p2|6
|gen|9
|tier|[Gen 9] OU
|rated|
|rule|Sleep Clause Mod: Limit one foe put to sleep
|rule|Species Clause: Limit one of each Pokémon
|rule|OHKO Clause: OHKO moves are banned
|rule|Evasion Items Clause: Evasion items are banned
|rule|Evasion Moves Clause: Evasion moves are banned
|rule|Endless Battle Clause: Forcing endless battles is banned
|rule|HP Percentage Mod: HP is shown in percentages
|clearpoke
|poke|p1|Ursaluna, M|
|poke|p1|Cresselia, F|
|poke|p1|Hatterene, F|
|poke|p1|Ting-Lu|
|poke|p1|Iron Hands|
|poke|p1|Goodra-Hisui, F|
|poke|p2|Baxcalibur, M|
|poke|p2|Dondozo, M|
|poke|p2|Amoonguss, M|
|poke|p2|Tinkaton, F|
|poke|p2|Sandy Shocks|
|poke|p2|Ceruledge, M|
|teampreview
|
|t:|1685851819
|start
|switch|p1a: Sara-chan|Hatterene, F|100/100
|switch|p2a: Tinkaton|Tinkaton, F|100/100
|-ability|p2a: Tinkaton|Mold Breaker
|turn|1
|inactive|Battle timer is ON: inactive players will automatically lose when time's up. (requested by SternLance)
|
|t:|1685851839
|switch|p1a: Goodra|Goodra-Hisui, F, shiny|100/100
|move|p2a: Tinkaton|Stealth Rock|p1a: Goodra
|-sidestart|p1: ivanclacome|move: Stealth Rock
|
|upkeep
|turn|2
|
|t:|1685851845
|move|p2a: Tinkaton|Knock Off|p1a: Goodra
|-damage|p1a: Goodra|84/100
|-enditem|p1a: Goodra|Leftovers|[from] move: Knock Off|[of] p2a: Tinkaton
|move|p1a: Goodra|Flamethrower|p2a: Tinkaton
|-supereffective|p2a: Tinkaton
|-damage|p2a: Tinkaton|63/100
|
|upkeep
|turn|3
|
|t:|1685851868
|move|p2a: Tinkaton|Thunder Wave|p1a: Goodra
|-status|p1a: Goodra|par
|move|p1a: Goodra|Flamethrower|p2a: Tinkaton
|-supereffective|p2a: Tinkaton
|-damage|p2a: Tinkaton|21/100
|-status|p2a: Tinkaton|brn
|
|-damage|p2a: Tinkaton|15/100 brn|[from] brn
|upkeep
|turn|4
|c|☆ivanclacome|!dt tinkaton
|raw|UU  Tinkaton  Mold BreakerOwn TempoPickpocketHP85 Atk75 Def77 SpA70 SpD105 Spe94 BST506 
|raw|Dex#: 959 |  Gen: 9 |  Height: 0.7 m |  Weight: 112.8 kg (100 BP) |  Dex Colour: Pink |  Egg Group(s): Fairy |  Does Not Evolve

|
|t:|1685851886
|move|p2a: Tinkaton|Encore|p1a: Goodra
|-start|p1a: Goodra|Encore
|move|p1a: Goodra|Flamethrower|p2a: Tinkaton
|-supereffective|p2a: Tinkaton
|-damage|p2a: Tinkaton|0 fnt
|faint|p2a: Tinkaton
|
|upkeep
|
|t:|1685851889
|switch|p2a: Ceruledge|Ceruledge, M|100/100
|-item|p2a: Ceruledge|Air Balloon
|turn|5
|
|t:|1685851905
|switch|p1a: Discada head|Ting-Lu|100/100
|-damage|p1a: Discada head|94/100|[from] Stealth Rock
|-ability|p1a: Discada head|Vessel of Ruin
|move|p2a: Ceruledge|Swords Dance|p2a: Ceruledge
|-boost|p2a: Ceruledge|atk|2
|
|-heal|p1a: Discada head|100/100|[from] item: Leftovers
|upkeep
|turn|6
|
|t:|1685851916
|move|p2a: Ceruledge|Close Combat|p1a: Discada head
|-supereffective|p1a: Discada head
|-damage|p1a: Discada head|26/100
|-unboost|p2a: Ceruledge|def|1
|-unboost|p2a: Ceruledge|spd|1
|move|p1a: Discada head|Whirlwind|p2a: Ceruledge
|drag|p2a: Amoonguss|Amoonguss, M|100/100
|
|-heal|p1a: Discada head|32/100|[from] item: Leftovers
|upkeep
|turn|7
|
|t:|1685851927
|switch|p1a: Sara-chan|Hatterene, F|100/100
|-damage|p1a: Sara-chan|88/100|[from] Stealth Rock
|move|p2a: Amoonguss|Giga Drain|p1a: Sara-chan
|-damage|p1a: Sara-chan|60/100
|
|upkeep
|turn|8
|
|t:|1685851937
|move|p2a: Amoonguss|Sludge Bomb|p1a: Sara-chan
|-supereffective|p1a: Sara-chan
|-damage|p1a: Sara-chan|0 fnt
|faint|p1a: Sara-chan
|
|upkeep
|c|☆ivanclacome|!dt sandy shock
No Pokémon, item, move, ability or nature named 'sandy shock' was found. Showing the data of 'Sandy Shocks' instead.
|raw|UU  Sandy Shocks  ProtosynthesisHP85 Atk81 Def97 SpA121 SpD85 Spe101 BST570 
|raw|Dex#: 989 |  Gen: 9 |  Height: 2.3 m |  Weight: 60 kg (80 BP) |  Dex Colour: Gray |  Egg Group(s): Undiscovered |  Does Not Evolve

|
|t:|1685851949
|switch|p1a: Cresselia|Cresselia, F|100/100
|-damage|p1a: Cresselia|88/100|[from] Stealth Rock
|turn|9
|
|t:|1685851956
|move|p2a: Amoonguss|Sludge Bomb|p1a: Cresselia
|-damage|p1a: Cresselia|70/100
|-status|p1a: Cresselia|psn
|move|p1a: Cresselia|Trick Room|p1a: Cresselia
|-fieldstart|move: Trick Room|[of] p1a: Cresselia
|
|-damage|p1a: Cresselia|58/100 psn|[from] psn
|upkeep
|turn|10
|inactive|ivanclacome has 120 seconds left.
|
|t:|1685851980
|switch|p1a: Goodra|Goodra-Hisui, F, shiny|84/100 par
|-damage|p1a: Goodra|78/100 par|[from] Stealth Rock
|move|p2a: Amoonguss|Hex|p1a: Goodra
|-damage|p1a: Goodra|56/100 par
|
|upkeep
|turn|11
|inactive|SternLance has 120 seconds left.
|inactive|SternLance has 90 seconds left.
|
|t:|1685852042
|switch|p1a: UrsaGOMAS|Ursaluna, M, shiny|100/100
|-damage|p1a: UrsaGOMAS|94/100|[from] Stealth Rock
|move|p2a: Amoonguss|Hex|p1a: UrsaGOMAS
|-immune|p1a: UrsaGOMAS
|
|-status|p1a: UrsaGOMAS|brn|[from] item: Flame Orb
|upkeep
|turn|12
|
|t:|1685852055
|switch|p2a: Ceruledge|Ceruledge, M|100/100
|-item|p2a: Ceruledge|Air Balloon
|-terastallize|p1a: UrsaGOMAS|Normal
|move|p1a: UrsaGOMAS|Facade|p2a: Ceruledge
|-immune|p2a: Ceruledge
|
|-damage|p1a: UrsaGOMAS|88/100 brn|[from] brn
|upkeep
|turn|13
|
|t:|1685852068
|switch|p2a: Baxcalibur|Baxcalibur, M, shiny|100/100
|move|p1a: UrsaGOMAS|Thunder Punch|p2a: Baxcalibur
|-resisted|p2a: Baxcalibur
|-damage|p2a: Baxcalibur|79/100
|
|-damage|p1a: UrsaGOMAS|82/100 brn|[from] brn
|-fieldend|move: Trick Room
|upkeep
|turn|14
|
|t:|1685852078
|switch|p1a: Goodra|Goodra-Hisui, F, shiny|56/100 par
|-damage|p1a: Goodra|50/100 par|[from] Stealth Rock
|move|p2a: Baxcalibur|Icicle Spear|p1a: Goodra
|-damage|p1a: Goodra|37/100 par
|-damage|p1a: Goodra|22/100 par
|-damage|p1a: Goodra|8/100 par
|-damage|p1a: Goodra|0 fnt
|faint|p1a: Goodra
|-hitcount|p1: Goodra|4
|
|upkeep
|inactive|ivanclacome has 120 seconds left.
|
|t:|1685852089
|switch|p1a: Cresselia|Cresselia, F|58/100 psn
|-damage|p1a: Cresselia|46/100 psn|[from] Stealth Rock
|turn|15
|
|t:|1685852097
|move|p2a: Baxcalibur|Glaive Rush|p1a: Cresselia
|-damage|p1a: Cresselia|0 fnt
|-singlemove|p2a: Baxcalibur|Glaive Rush|[silent]
|faint|p1a: Cresselia
|
|upkeep
|
|t:|1685852102
|switch|p1a: Iron Hands|Iron Hands, shiny|100/100
|-damage|p1a: Iron Hands|94/100|[from] Stealth Rock
|-enditem|p1a: Iron Hands|Booster Energy
|-activate|p1a: Iron Hands|ability: Quark Drive|[fromitem]
|-start|p1a: Iron Hands|quarkdriveatk
|turn|16
|inactive|SternLance has 120 seconds left.
|inactive|ivanclacome has 120 seconds left.
|
|t:|1685852141
|-terastallize|p2a: Baxcalibur|Fairy
|move|p2a: Baxcalibur|Icicle Spear|p1a: Iron Hands
|-damage|p1a: Iron Hands|85/100
|-damage|p1a: Iron Hands|75/100
|-damage|p1a: Iron Hands|64/100
|-damage|p1a: Iron Hands|55/100
|-damage|p1a: Iron Hands|45/100
|-hitcount|p1a: Iron Hands|5
|move|p1a: Iron Hands|Drain Punch|p2a: Baxcalibur
|-resisted|p2a: Baxcalibur
|-damage|p2a: Baxcalibur|57/100
|-heal|p1a: Iron Hands|53/100|[from] drain|[of] p2a: Baxcalibur
|
|upkeep
|turn|17
|
|t:|1685852157
|move|p2a: Baxcalibur|Dragon Dance|p2a: Baxcalibur
|-boost|p2a: Baxcalibur|atk|1
|-boost|p2a: Baxcalibur|spe|1
|move|p1a: Iron Hands|Thunder Punch|p2a: Baxcalibur
|-damage|p2a: Baxcalibur|13/100
|
|upkeep
|turn|18
|
|t:|1685852164
|move|p2a: Baxcalibur|Icicle Spear|p1a: Iron Hands
|-damage|p1a: Iron Hands|39/100
|-damage|p1a: Iron Hands|25/100
|-damage|p1a: Iron Hands|9/100
|-crit|p1a: Iron Hands
|-damage|p1a: Iron Hands|0 fnt
|faint|p1a: Iron Hands
|-end|p1a: Iron Hands|Quark Drive|[silent]
|-hitcount|p1: Iron Hands|4
|
|upkeep
|-message|ivanclacome forfeited.
|
|win|SternLance
|raw|ivanclacome's rating: 1455 → 1438(-17 for losing)
|raw|SternLance's rating: 1509 → 1526(+17 for winning)
