|j|☆d18l
|j|☆owl_with_scarf
|t:|1685844905
|gametype|singles
|player|p1|d18l|backpacker|1653
|player|p2|owl_with_scarf|#owlwithscarf|1620
|teamsize|p1|6
|teamsize|p2|6
|gen|9
|tier|[Gen 9] OU
|rated|
|rule|Sleep Clause Mod: Limit one foe put to sleep
|rule|Species Clause: Limit one of each Pokémon
|rule|OHKO Clause: OHKO moves are banned
|rule|Evasion Items Clause: Evasion items are banned
|rule|Evasion Moves Clause: Evasion moves are banned
|rule|Endless Battle Clause: Forcing endless battles is banned
|rule|HP Percentage Mod: HP is shown in percentages
|clearpoke
|poke|p1|Samurott-Hisui, F|
|poke|p1|Dragapult, F|
|poke|p1|Sneasler, F|
|poke|p1|Magearna|
|poke|p1|Volcarona, F|
|poke|p1|Zamazenta-*|
|poke|p2|Pelipper, F|
|poke|p2|Landorus-Therian, M|
|poke|p2|Basculegion, M|
|poke|p2|Volcanion|
|poke|p2|Magearna|
|poke|p2|Urshifu-*, M|
|teampreview
|inactive|Battle timer is ON: inactive players will automatically lose when time's up. (requested by owl_with_scarf)
|inactive|d18l has 120 seconds left.
|
|t:|1685844946
|start
|switch|p1a: Samurott|Samurott-Hisui, F|100/100
|switch|p2a: VESPERTINE|Magearna|100/100
|turn|1
|
|t:|1685844952
|move|p1a: Samurott|Ceaseless Edge|p2a: VESPERTINE
|-resisted|p2a: VESPERTINE
|-damage|p2a: VESPERTINE|81/100
|-sidestart|p2: owl_with_scarf|Spikes
|move|p2a: VESPERTINE|Volt Switch|p1a: Samurott
|-supereffective|p1a: Samurott
|-crit|p1a: Samurott
|-enditem|p1a: Samurott|Focus Sash
|-damage|p1a: Samurott|1/100
|
|t:|1685844956
|switch|p2a: DEBUT|Pelipper, F|100/100|[from] Volt Switch
|-weather|RainDance|[from] ability: Drizzle|[of] p2a: DEBUT
|
|-weather|RainDance|[upkeep]
|upkeep
|turn|2
|
|t:|1685844959
|move|p1a: Samurott|Taunt|p2a: DEBUT
|-start|p2a: DEBUT|move: Taunt
|move|p2a: DEBUT|U-turn|p1a: Samurott
|-supereffective|p1a: Samurott
|-damage|p1a: Samurott|0 fnt
|faint|p1a: Samurott
|
|t:|1685844963
|switch|p2a: VULNICURA|Volcanion|100/100|[from] U-turn
|-damage|p2a: VULNICURA|88/100|[from] Spikes
|
|-weather|RainDance|[upkeep]
|upkeep
|
|t:|1685844966
|switch|p1a: Dragapult|Dragapult, F|100/100
|turn|3
|
|t:|1685844968
|move|p1a: Dragapult|Light Screen|p1a: Dragapult
|-sidestart|p1: d18l|move: Light Screen
|move|p2a: VULNICURA|Steam Eruption|p1a: Dragapult
|-resisted|p1a: Dragapult
|-damage|p1a: Dragapult|59/100
|-status|p1a: Dragapult|brn
|
|-weather|RainDance|[upkeep]
|-damage|p1a: Dragapult|52/100 brn|[from] brn
|upkeep
|turn|4
|
|t:|1685844973
|switch|p2a: BIOPHILIA|Urshifu-Rapid-Strike, M|100/100
|-damage|p2a: BIOPHILIA|88/100|[from] Spikes
|move|p1a: Dragapult|Reflect|p1a: Dragapult
|-sidestart|p1: d18l|Reflect
|
|-weather|RainDance|[upkeep]
|-damage|p1a: Dragapult|46/100 brn|[from] brn
|upkeep
|turn|5
|
|t:|1685844983
|switch|p2a: VESPERTINE|Magearna|81/100
|-damage|p2a: VESPERTINE|68/100|[from] Spikes
|move|p1a: Dragapult|Curse|p2a: VESPERTINE
|-start|p2a: VESPERTINE|Curse|[of] p1a: Dragapult
|-damage|p1a: Dragapult|0 fnt
|faint|p1a: Dragapult
|-ability|p2a: VESPERTINE|Soul-Heart|boost
|-boost|p2a: VESPERTINE|spa|1
|
|-weather|RainDance|[upkeep]
|-damage|p2a: VESPERTINE|43/100|[from] Curse
|upkeep
|
|t:|1685845011
|switch|p1a: Magearna|Magearna|100/100
|turn|6
|
|t:|1685845019
|move|p1a: Magearna|Calm Mind|p1a: Magearna
|-boost|p1a: Magearna|spa|1
|-boost|p1a: Magearna|spd|1
|move|p2a: VESPERTINE|Volt Switch|p1a: Magearna
|-damage|p1a: Magearna|85/100
|
|t:|1685845022
|switch|p2a: BIOPHILIA|Urshifu-Rapid-Strike, M|88/100|[from] Volt Switch
|-damage|p2a: BIOPHILIA|76/100|[from] Spikes
|
|-weather|RainDance|[upkeep]
|-heal|p1a: Magearna|91/100|[from] item: Leftovers
|upkeep
|turn|7
|inactive|d18l has 120 seconds left.
|inactive|d18l has 90 seconds left.
|
|t:|1685845085
|-terastallize|p2a: BIOPHILIA|Water
|-terastallize|p1a: Magearna|Water
|move|p2a: BIOPHILIA|Surging Strikes|p1a: Magearna
|-resisted|p1a: Magearna
|-crit|p1a: Magearna
|-damage|p1a: Magearna|75/100
|-resisted|p1a: Magearna
|-crit|p1a: Magearna
|-damage|p1a: Magearna|61/100
|-resisted|p1a: Magearna
|-crit|p1a: Magearna
|-damage|p1a: Magearna|45/100
|-hitcount|p1a: Magearna|3
|move|p1a: Magearna|Draining Kiss|p2a: BIOPHILIA
|-damage|p2a: BIOPHILIA|27/100
|-heal|p1a: Magearna|80/100|[from] drain|[of] p2a: BIOPHILIA
|
|-weather|RainDance|[upkeep]
|-heal|p1a: Magearna|86/100|[from] item: Leftovers
|upkeep
|turn|8
|inactive|d18l has 90 seconds left.
|
|t:|1685845094
|move|p2a: BIOPHILIA|Surging Strikes|p1a: Magearna
|-resisted|p1a: Magearna
|-crit|p1a: Magearna
|-damage|p1a: Magearna|70/100
|-resisted|p1a: Magearna
|-crit|p1a: Magearna
|-damage|p1a: Magearna|56/100
|-resisted|p1a: Magearna
|-crit|p1a: Magearna
|-damage|p1a: Magearna|42/100
|-hitcount|p1a: Magearna|3
|move|p1a: Magearna|Draining Kiss|p2a: BIOPHILIA
|-damage|p2a: BIOPHILIA|0 fnt
|-heal|p1a: Magearna|60/100|[from] drain|[of] p2a: BIOPHILIA
|faint|p2a: BIOPHILIA
|-ability|p1a: Magearna|Soul-Heart|boost
|-boost|p1a: Magearna|spa|1
|
|-weather|none
|-heal|p1a: Magearna|66/100|[from] item: Leftovers
|upkeep
|
|t:|1685845103
|switch|p2a: DEBUT|Pelipper, F|100/100
|-weather|RainDance|[from] ability: Drizzle|[of] p2a: DEBUT
|turn|9
|
|t:|1685845108
|switch|p2a: VULNICURA|Volcanion|88/100
|-damage|p2a: VULNICURA|76/100|[from] Spikes
|move|p1a: Magearna|Iron Defense|p1a: Magearna
|-boost|p1a: Magearna|def|2
|
|-weather|RainDance|[upkeep]
|-heal|p1a: Magearna|72/100|[from] item: Leftovers
|upkeep
|turn|10
|
|t:|1685845115
|move|p1a: Magearna|Stored Power|p2a: VULNICURA
|-damage|p2a: VULNICURA|5/100
|move|p2a: VULNICURA|Sludge Bomb|p1a: Magearna
|-damage|p1a: Magearna|57/100
|-status|p1a: Magearna|psn
|
|-weather|RainDance|[upkeep]
|-heal|p1a: Magearna|63/100 psn|[from] item: Leftovers
|-damage|p1a: Magearna|51/100 psn|[from] psn
|-sideend|p1: d18l|move: Light Screen
|upkeep
|turn|11
|
|t:|1685845129
|move|p1a: Magearna|Draining Kiss|p2a: VULNICURA
|-resisted|p2a: VULNICURA
|-damage|p2a: VULNICURA|0 fnt
|-heal|p1a: Magearna|54/100 psn|[from] drain|[of] p2a: VULNICURA
|faint|p2a: VULNICURA
|-ability|p1a: Magearna|Soul-Heart|boost
|-boost|p1a: Magearna|spa|1
|
|-weather|RainDance|[upkeep]
|-heal|p1a: Magearna|60/100 psn|[from] item: Leftovers
|-damage|p1a: Magearna|47/100 psn|[from] psn
|-sideend|p1: d18l|Reflect
|upkeep
|
|t:|1685845131
|switch|p2a: HOMOGENIC|Basculegion, M|100/100
|-damage|p2a: HOMOGENIC|88/100|[from] Spikes
|turn|12
|inactive|d18l has 120 seconds left.
|
|t:|1685845153
|move|p2a: HOMOGENIC|Wave Crash|p1a: Magearna
|-resisted|p1a: Magearna
|-damage|p1a: Magearna|19/100 psn
|-damage|p2a: HOMOGENIC|79/100|[from] Recoil
|move|p1a: Magearna|Stored Power|p2a: HOMOGENIC
|-damage|p2a: HOMOGENIC|0 fnt
|faint|p2a: HOMOGENIC
|-ability|p1a: Magearna|Soul-Heart|boost
|-boost|p1a: Magearna|spa|1
|
|-weather|RainDance|[upkeep]
|-heal|p1a: Magearna|25/100 psn|[from] item: Leftovers
|-damage|p1a: Magearna|13/100 psn|[from] psn
|upkeep
|
|t:|1685845165
|switch|p2a: FOSSORA|Landorus-Therian, M|100/100
|-ability|p2a: FOSSORA|Intimidate|boost
|-unboost|p1a: Magearna|atk|1
|turn|13
|
|t:|1685845167
|move|p2a: FOSSORA|Grass Knot|p1a: Magearna
|-supereffective|p1a: Magearna
|-damage|p1a: Magearna|0 fnt
|faint|p1a: Magearna
|
|-weather|RainDance|[upkeep]
|upkeep
|inactive|d18l has 120 seconds left.
|
|t:|1685845186
|switch|p1a: Zamazenta|Zamazenta|100/100
|-ability|p1a: Zamazenta|Dauntless Shield|boost
|-boost|p1a: Zamazenta|def|1
|turn|14
|
|t:|1685845189
|switch|p2a: VESPERTINE|Magearna|43/100
|-damage|p2a: VESPERTINE|31/100|[from] Spikes
|move|p1a: Zamazenta|Iron Defense|p1a: Zamazenta
|-boost|p1a: Zamazenta|def|2
|
|-weather|RainDance|[upkeep]
|upkeep
|turn|15
|
|t:|1685845191
|move|p1a: Zamazenta|Body Press|p2a: VESPERTINE
|-damage|p2a: VESPERTINE|0 fnt
|faint|p2a: VESPERTINE
|
|-weather|RainDance|[upkeep]
|upkeep
|
|t:|1685845193
|switch|p2a: FOSSORA|Landorus-Therian, M|100/100
|-ability|p2a: FOSSORA|Intimidate|boost
|-unboost|p1a: Zamazenta|atk|1
|turn|16
|
|t:|1685845196
|move|p2a: FOSSORA|Earth Power|p1a: Zamazenta
|-damage|p1a: Zamazenta|63/100
|-unboost|p1a: Zamazenta|spd|1
|move|p1a: Zamazenta|Substitute|p1a: Zamazenta
|-start|p1a: Zamazenta|Substitute
|-damage|p1a: Zamazenta|38/100
|
|-weather|none
|-heal|p1a: Zamazenta|44/100|[from] item: Leftovers
|upkeep
|turn|17
|
|t:|1685845218
|move|p2a: FOSSORA|Earth Power|p1a: Zamazenta
|-end|p1a: Zamazenta|Substitute
|move|p1a: Zamazenta|Body Press|p2a: FOSSORA
|-resisted|p2a: FOSSORA
|-damage|p2a: FOSSORA|42/100
|
|-heal|p1a: Zamazenta|51/100|[from] item: Leftovers
|upkeep
|turn|18
|
|t:|1685845229
|move|p2a: FOSSORA|Earth Power|p1a: Zamazenta
|-damage|p1a: Zamazenta|0 fnt
|faint|p1a: Zamazenta
|
|upkeep
|
|t:|1685845233
|switch|p1a: Sneasler|Sneasler, F|100/100
|-item|p1a: Sneasler|Air Balloon
|turn|19
|
|t:|1685845237
|switch|p2a: DEBUT|Pelipper, F|100/100
|-weather|RainDance|[from] ability: Drizzle|[of] p2a: DEBUT
|move|p1a: Sneasler|Swords Dance|p1a: Sneasler
|-boost|p1a: Sneasler|atk|2
|
|-weather|RainDance|[upkeep]
|upkeep
|turn|20
|
|t:|1685845239
|move|p1a: Sneasler|Dire Claw|p2a: DEBUT
|-damage|p2a: DEBUT|26/100
|move|p2a: DEBUT|Hurricane|p1a: Sneasler
|-supereffective|p1a: Sneasler
|-damage|p1a: Sneasler|17/100
|-enditem|p1a: Sneasler|Air Balloon
|
|-weather|RainDance|[upkeep]
|upkeep
|turn|21
|
|t:|1685845245
|move|p1a: Sneasler|Acrobatics|p2a: DEBUT
|-damage|p2a: DEBUT|0 fnt
|faint|p2a: DEBUT
|
|-weather|RainDance|[upkeep]
|upkeep
|
|t:|1685845247
|switch|p2a: FOSSORA|Landorus-Therian, M|42/100
|-ability|p2a: FOSSORA|Intimidate|boost
|-unboost|p1a: Sneasler|atk|1
|turn|22
|
|t:|1685845250
|move|p1a: Sneasler|Acrobatics|p2a: FOSSORA
|-damage|p2a: FOSSORA|0 fnt
|faint|p2a: FOSSORA
|
|win|d18l
|raw|d18l's rating: 1653 → 1674(+21 for winning)
|raw|owl_with_scarf's rating: 1667 → 1646(-21 for losing)
