|j|☆tsyusu
|j|☆Agent Marnie
|t:|1685878789
|gametype|singles
|player|p1|tsyusu|1|1361
|player|p2|Agent Marnie|jessiejames-gen1|1459
|teamsize|p1|6
|teamsize|p2|6
|gen|9
|tier|[Gen 9] OU
|rated|
|rule|Sleep Clause Mod: Limit one foe put to sleep
|rule|Species Clause: Limit one of each Pokémon
|rule|OHKO Clause: OHKO moves are banned
|rule|Evasion Items Clause: Evasion items are banned
|rule|Evasion Moves Clause: Evasion moves are banned
|rule|Endless Battle Clause: Forcing endless battles is banned
|rule|HP Percentage Mod: HP is shown in percentages
|clearpoke
|poke|p1|Tornadus, M|
|poke|p1|Dragapult, F|
|poke|p1|Samurott-Hisui, M|
|poke|p1|Kleavor, F|
|poke|p1|Urshifu-*, M|
|poke|p1|Great Tusk|
|poke|p2|Pelipper, F|
|poke|p2|Basculegion, M|
|poke|p2|Zapdos|
|poke|p2|Magearna|
|poke|p2|Regidrago|
|poke|p2|Great Tusk|
|teampreview
|inactive|Battle timer is ON: inactive players will automatically lose when time's up. (requested by Agent Marnie)
|
|t:|1685878804
|start
|switch|p1a: Kleavor|Kleavor, F|100/100
|switch|p2a: Regidrago|Regidrago|100/100
|turn|1
|
|t:|1685878809
|move|p2a: Regidrago|Dragon Energy|p1a: Kleavor
|-damage|p1a: Kleavor|0 fnt
|faint|p1a: Kleavor
|
|upkeep
|
|t:|1685878817
|switch|p1a: Samurott|Samurott-Hisui, M|100/100
|turn|2
|
|t:|1685878822
|move|p1a: Samurott|Aqua Jet|p2a: Regidrago
|-resisted|p2a: Regidrago
|-damage|p2a: Regidrago|89/100
|move|p2a: Regidrago|Dragon Energy|p1a: Samurott
|-damage|p1a: Samurott|0 fnt
|faint|p1a: Samurott
|
|upkeep
|
|t:|1685878828
|switch|p1a: Dragapult|Dragapult, F|100/100
|turn|3
|
|t:|1685878833
|move|p2a: Regidrago|Dragon Energy|p1a: Dragapult
|-supereffective|p1a: Dragapult
|-damage|p1a: Dragapult|0 fnt
|faint|p1a: Dragapult
|
|upkeep
|
|t:|1685878838
|switch|p1a: Tornadus|Tornadus, M|100/100
|turn|4
|
|t:|1685878840
|move|p2a: Regidrago|Dragon Energy|p1a: Tornadus
|-damage|p1a: Tornadus|0 fnt
|faint|p1a: Tornadus
|
|upkeep
|-message|tsyusu forfeited.
|
|win|Agent Marnie
|raw|tsyusu's rating: 1361 → 1346(-15 for losing)
|raw|Agent Marnie's rating: 1459 → 1474(+15 for winning)
|l|☆tsyusu
