|j|☆Duryodhan
|j|☆Belike
|t:|1685830351
|gametype|singles
|player|p1|Duryodhan|clerk|1443
|player|p2|Belike|gambler|1507
|teamsize|p1|6
|teamsize|p2|6
|gen|9
|tier|[Gen 9] OU
|rated|
|rule|Sleep Clause Mod: Limit one foe put to sleep
|rule|Species Clause: Limit one of each Pokémon
|rule|OHKO Clause: OHKO moves are banned
|rule|Evasion Items Clause: Evasion items are banned
|rule|Evasion Moves Clause: Evasion moves are banned
|rule|Endless Battle Clause: Forcing endless battles is banned
|rule|HP Percentage Mod: HP is shown in percentages
|clearpoke
|poke|p1|Magearna|
|poke|p1|Dragonite, M|
|poke|p1|Hoopa-Unbound|
|poke|p1|Skeledirge, M|
|poke|p1|Zapdos|
|poke|p1|Slowking, F|
|poke|p2|Urshifu-*, M|
|poke|p2|Corviknight, M|
|poke|p2|Magearna|
|poke|p2|Great Tusk|
|poke|p2|Zapdos|
|poke|p2|Sneasler, M|
|teampreview
|inactive|Battle timer is ON: inactive players will automatically lose when time's up. (requested by Belike)
|
|t:|1685830361
|start
|switch|p1a: Zapdos|Zapdos|100/100
|switch|p2a: Zapdos|Zapdos|100/100
|turn|1
|
|t:|1685830364
|move|p1a: Zapdos|Light Screen|p1a: Zapdos
|-sidestart|p1: Duryodhan|move: Light Screen
|move|p2a: Zapdos|Volt Switch|p1a: Zapdos
|-damage|p1a: Zapdos|84/100
|
|t:|1685830374
|switch|p2a: Sneasler|Sneasler, M|100/100|[from] Volt Switch
|
|upkeep
|turn|2
|
|t:|1685830378
|move|p2a: Sneasler|Taunt|p1a: Zapdos
|-start|p1a: Zapdos|move: Taunt
|move|p1a: Zapdos|Volt Switch|p2a: Sneasler
|-crit|p2a: Sneasler
|-damage|p2a: Sneasler|26/100
|
|t:|1685830388
|switch|p1a: Magearna|Magearna|100/100|[from] Volt Switch
|
|upkeep
|turn|3
|
|t:|1685830392
|move|p2a: Sneasler|Close Combat|p1a: Magearna
|-damage|p1a: Magearna|28/100
|-unboost|p2a: Sneasler|def|1
|-unboost|p2a: Sneasler|spd|1
|-damage|p2a: Sneasler|16/100|[from] item: Life Orb
|move|p1a: Magearna|Trick Room|p1a: Magearna
|-fieldstart|move: Trick Room|[of] p1a: Magearna
|
|upkeep
|turn|4
|
|t:|1685830402
|move|p1a: Magearna|Flash Cannon|p2a: Sneasler
|-damage|p2a: Sneasler|0 fnt
|faint|p2a: Sneasler
|-ability|p1a: Magearna|Soul-Heart|boost
|-boost|p1a: Magearna|spa|1
|
|upkeep
|
|t:|1685830410
|switch|p2a: Urshifu|Urshifu-Rapid-Strike, M|100/100
|turn|5
|
|t:|1685830416
|move|p2a: Urshifu|Aqua Jet|p1a: Magearna
|-damage|p1a: Magearna|9/100
|-enditem|p1a: Magearna|Aguav Berry|[eat]
|-heal|p1a: Magearna|43/100|[from] item: Aguav Berry
|move|p1a: Magearna|Dazzling Gleam|p2a: Urshifu
|-supereffective|p2a: Urshifu
|-damage|p2a: Urshifu|0 fnt
|faint|p2a: Urshifu
|-ability|p1a: Magearna|Soul-Heart|boost
|-boost|p1a: Magearna|spa|1
|
|-sideend|p1: Duryodhan|move: Light Screen
|upkeep
|
|t:|1685830426
|switch|p2a: Zapdos|Zapdos|100/100
|turn|6
|
|t:|1685830436
|move|p1a: Magearna|Volt Switch|p2a: Zapdos
|-damage|p2a: Zapdos|60/100
|
|t:|1685830439
|switch|p1a: Hoopa|Hoopa-Unbound|100/100|[from] Volt Switch
|move|p2a: Zapdos|Heat Wave|p1a: Hoopa
|-damage|p1a: Hoopa|77/100
|
|-heal|p2a: Zapdos|66/100|[from] item: Leftovers
|upkeep
|turn|7
|
|t:|1685830451
|move|p1a: Hoopa|Fire Punch|p2a: Zapdos
|-damage|p2a: Zapdos|17/100
|-status|p1a: Hoopa|par|[from] ability: Static|[of] p2a: Zapdos
|move|p2a: Zapdos|Roost|p2a: Zapdos
|-heal|p2a: Zapdos|68/100
|-singleturn|p2a: Zapdos|move: Roost
|
|-heal|p2a: Zapdos|74/100|[from] item: Leftovers
|-fieldend|move: Trick Room
|upkeep
|turn|8
|
|t:|1685830457
|switch|p1a: Zapdos|Zapdos|84/100
|move|p2a: Zapdos|Volt Switch|p1a: Zapdos
|-damage|p1a: Zapdos|51/100
|
|t:|1685830461
|switch|p2a: Magearna|Magearna|100/100|[from] Volt Switch
|
|upkeep
|turn|9
|
|t:|1685830474
|move|p1a: Zapdos|Light Screen|p1a: Zapdos
|-sidestart|p1: Duryodhan|move: Light Screen
|move|p2a: Magearna|Shift Gear|p2a: Magearna
|-boost|p2a: Magearna|spe|2
|-boost|p2a: Magearna|atk|1
|
|upkeep
|turn|10
|
|t:|1685830477
|move|p2a: Magearna|Calm Mind|p2a: Magearna
|-boost|p2a: Magearna|spa|1
|-boost|p2a: Magearna|spd|1
|move|p1a: Zapdos|Heat Wave|p2a: Magearna
|-supereffective|p2a: Magearna
|-damage|p2a: Magearna|60/100
|
|-heal|p2a: Magearna|66/100|[from] item: Leftovers
|upkeep
|turn|11
|
|t:|1685830485
|move|p2a: Magearna|Calm Mind|p2a: Magearna
|-boost|p2a: Magearna|spa|1
|-boost|p2a: Magearna|spd|1
|move|p1a: Zapdos|Volt Switch|p2a: Magearna
|-damage|p2a: Magearna|51/100
|
|t:|1685830493
|switch|p1a: Skeledirge|Skeledirge, M|100/100|[from] Volt Switch
|
|-heal|p2a: Magearna|57/100|[from] item: Leftovers
|upkeep
|turn|12
|
|t:|1685830500
|move|p2a: Magearna|Stored Power|p1a: Skeledirge
|-damage|p1a: Skeledirge|84/100
|move|p1a: Skeledirge|Torch Song|p2a: Magearna
|-supereffective|p2a: Magearna
|-damage|p2a: Magearna|8/100
|-boost|p1a: Skeledirge|spa|1
|
|-heal|p2a: Magearna|14/100|[from] item: Leftovers
|upkeep
|turn|13
|
|t:|1685830507
|move|p2a: Magearna|Stored Power|p1a: Skeledirge
|-damage|p1a: Skeledirge|68/100
|move|p1a: Skeledirge|Torch Song|p2a: Magearna
|-supereffective|p2a: Magearna
|-damage|p2a: Magearna|0 fnt
|-boost|p1a: Skeledirge|spa|1
|faint|p2a: Magearna
|
|-sideend|p1: Duryodhan|move: Light Screen
|upkeep
|
|t:|1685830511
|switch|p2a: Zapdos|Zapdos|74/100
|turn|14
|
|t:|1685830519
|move|p2a: Zapdos|Discharge|p1a: Skeledirge
|-crit|p1a: Skeledirge
|-damage|p1a: Skeledirge|29/100
|move|p1a: Skeledirge|Will-O-Wisp|p2a: Zapdos|[miss]
|-miss|p1a: Skeledirge|p2a: Zapdos
|
|-heal|p2a: Zapdos|80/100|[from] item: Leftovers
|upkeep
|turn|15
|
|t:|1685830525
|move|p2a: Zapdos|Discharge|p1a: Skeledirge
|-crit|p1a: Skeledirge
|-damage|p1a: Skeledirge|0 fnt
|faint|p1a: Skeledirge
|
|-heal|p2a: Zapdos|86/100|[from] item: Leftovers
|upkeep
|
|t:|1685830529
|switch|p1a: Zapdos|Zapdos|51/100
|turn|16
|
|t:|1685830532
|move|p2a: Zapdos|Discharge|p1a: Zapdos
|-damage|p1a: Zapdos|13/100
|move|p1a: Zapdos|Roost|p1a: Zapdos
|-heal|p1a: Zapdos|63/100
|-singleturn|p1a: Zapdos|move: Roost
|
|-heal|p2a: Zapdos|92/100|[from] item: Leftovers
|upkeep
|turn|17
|
|t:|1685830538
|move|p2a: Zapdos|Volt Switch|p1a: Zapdos
|-damage|p1a: Zapdos|32/100
|
|t:|1685830540
|switch|p2a: Great Tusk|Great Tusk|100/100|[from] Volt Switch
|move|p1a: Zapdos|Light Screen|p1a: Zapdos
|-sidestart|p1: Duryodhan|move: Light Screen
|
|upkeep
|turn|18
|
|t:|1685830558
|switch|p1a: Slowking|Slowking, F|100/100
|move|p2a: Great Tusk|Ice Spinner|p1a: Slowking
|-resisted|p1a: Slowking
|-damage|p1a: Slowking|91/100
|
|-heal|p1a: Slowking|97/100|[from] item: Leftovers
|upkeep
|turn|19
|
|t:|1685830567
|move|p2a: Great Tusk|Headlong Rush|p1a: Slowking
|-damage|p1a: Slowking|49/100
|-unboost|p2a: Great Tusk|def|1
|-unboost|p2a: Great Tusk|spd|1
|-enditem|p2a: Great Tusk|Eject Pack
|
|t:|1685830570
|-end|p2a: Great Tusk|Protosynthesis|[silent]
|switch|p2a: Zapdos|Zapdos|92/100
|move|p1a: Slowking|Surf|p2a: Zapdos
|-damage|p2a: Zapdos|66/100
|
|-heal|p2a: Zapdos|72/100|[from] item: Leftovers
|-heal|p1a: Slowking|56/100|[from] item: Leftovers
|upkeep
|turn|20
|
|t:|1685830581
|switch|p1a: Hoopa|Hoopa-Unbound|77/100 par
|move|p2a: Zapdos|Volt Switch|p1a: Hoopa
|-damage|p1a: Hoopa|64/100 par
|
|t:|1685830584
|switch|p2a: Corviknight|Corviknight, M|100/100|[from] Volt Switch
|-ability|p2a: Corviknight|Pressure
|
|upkeep
|turn|21
|
|t:|1685830589
|switch|p1a: Zapdos|Zapdos|32/100
|move|p2a: Corviknight|U-turn|p1a: Zapdos
|-resisted|p1a: Zapdos
|-damage|p1a: Zapdos|25/100
|
|t:|1685830593
|switch|p2a: Zapdos|Zapdos|72/100|[from] U-turn
|
|-heal|p2a: Zapdos|78/100|[from] item: Leftovers
|-sideend|p1: Duryodhan|move: Light Screen
|upkeep
|turn|22
|
|t:|1685830605
|move|p1a: Zapdos|Roost|p1a: Zapdos
|-heal|p1a: Zapdos|75/100
|-singleturn|p1a: Zapdos|move: Roost
|move|p2a: Zapdos|Discharge|p1a: Zapdos
|-resisted|p1a: Zapdos
|-crit|p1a: Zapdos
|-damage|p1a: Zapdos|47/100
|
|-heal|p2a: Zapdos|84/100|[from] item: Leftovers
|upkeep
|turn|23
|
|t:|1685830611
|move|p1a: Zapdos|Light Screen|p1a: Zapdos
|-sidestart|p1: Duryodhan|move: Light Screen
|move|p2a: Zapdos|Discharge|p1a: Zapdos
|-damage|p1a: Zapdos|28/100
|
|-heal|p2a: Zapdos|90/100|[from] item: Leftovers
|upkeep
|turn|24
|
|t:|1685830616
|move|p2a: Zapdos|Volt Switch|p1a: Zapdos
|-damage|p1a: Zapdos|13/100
|
|t:|1685830619
|switch|p2a: Great Tusk|Great Tusk|100/100|[from] Volt Switch
|move|p1a: Zapdos|Roost|p1a: Zapdos
|-heal|p1a: Zapdos|63/100
|-singleturn|p1a: Zapdos|move: Roost
|
|upkeep
|turn|25
|
|t:|1685830623
|move|p2a: Great Tusk|Ice Spinner|p1a: Zapdos
|-supereffective|p1a: Zapdos
|-damage|p1a: Zapdos|2/100
|move|p1a: Zapdos|Roost|p1a: Zapdos
|-heal|p1a: Zapdos|52/100
|-singleturn|p1a: Zapdos|move: Roost
|
|upkeep
|turn|26
|
|t:|1685830631
|switch|p1a: Slowking|Slowking, F|89/100
|move|p2a: Great Tusk|Ice Spinner|p1a: Slowking
|-resisted|p1a: Slowking
|-damage|p1a: Slowking|78/100
|
|-heal|p1a: Slowking|85/100|[from] item: Leftovers
|upkeep
|turn|27
|
|t:|1685830647
|-end|p2a: Great Tusk|Protosynthesis|[silent]
|switch|p2a: Zapdos|Zapdos|90/100
|move|p1a: Slowking|Calm Mind|p1a: Slowking
|-boost|p1a: Slowking|spa|1
|-boost|p1a: Slowking|spd|1
|
|-heal|p2a: Zapdos|96/100|[from] item: Leftovers
|-heal|p1a: Slowking|91/100|[from] item: Leftovers
|-sideend|p1: Duryodhan|move: Light Screen
|upkeep
|turn|28
|
|t:|1685830656
|move|p2a: Zapdos|Discharge|p1a: Slowking
|-supereffective|p1a: Slowking
|-crit|p1a: Slowking
|-damage|p1a: Slowking|5/100
|move|p1a: Slowking|Calm Mind|p1a: Slowking
|-boost|p1a: Slowking|spa|1
|-boost|p1a: Slowking|spd|1
|
|-heal|p2a: Zapdos|100/100|[from] item: Leftovers
|-heal|p1a: Slowking|11/100|[from] item: Leftovers
|upkeep
|turn|29
|
|t:|1685830671
|switch|p1a: Dragonite|Dragonite, M|100/100
|move|p2a: Zapdos|Volt Switch|p1a: Dragonite
|-crit|p1a: Dragonite
|-damage|p1a: Dragonite|75/100
|
|t:|1685830674
|switch|p2a: Great Tusk|Great Tusk|100/100|[from] Volt Switch
|
|upkeep
|turn|30
|
|t:|1685830691
|switch|p1a: Zapdos|Zapdos|52/100
|move|p2a: Great Tusk|Ice Spinner|p1a: Zapdos
|-supereffective|p1a: Zapdos
|-damage|p1a: Zapdos|0 fnt
|faint|p1a: Zapdos
|
|upkeep
|
|t:|1685830701
|switch|p1a: Slowking|Slowking, F|45/100
|turn|31
|
|t:|1685830710
|-terastallize|p2a: Great Tusk|Ground
|-terastallize|p1a: Slowking|Water
|move|p2a: Great Tusk|Headlong Rush|p1a: Slowking
|-damage|p1a: Slowking|0 fnt
|-unboost|p2a: Great Tusk|def|1
|-unboost|p2a: Great Tusk|spd|1
|faint|p1a: Slowking
|
|upkeep
|-message|Duryodhan forfeited.
|
|win|Belike
|raw|Duryodhan's rating: 1443 → 1427(-16 for losing)
|raw|Belike's rating: 1507 → 1523(+16 for winning)
|l|☆Duryodhan
