|j|☆bocchi mochi
|j|☆LowELOtest
|t:|1685854920
|gametype|singles
|player|p1|bocchi mochi|guitarist|1458
|player|p2|LowELOtest|misty|1448
|teamsize|p1|6
|teamsize|p2|6
|gen|9
|tier|[Gen 9] OU
|rated|
|rule|Sleep Clause Mod: Limit one foe put to sleep
|rule|Species Clause: Limit one of each Pokémon
|rule|OHKO Clause: OHKO moves are banned
|rule|Evasion Items Clause: Evasion items are banned
|rule|Evasion Moves Clause: Evasion moves are banned
|rule|Endless Battle Clause: Forcing endless battles is banned
|rule|HP Percentage Mod: HP is shown in percentages
|clearpoke
|poke|p1|Hoopa-Unbound|
|poke|p1|Gholdengo|
|poke|p1|Great Tusk|
|poke|p1|Magearna|
|poke|p1|Urshifu-*, F|
|poke|p1|Tornadus-Therian, M|
|poke|p2|Kleavor, F|
|poke|p2|Pelipper, F|
|poke|p2|Basculegion, M|
|poke|p2|Iron Treads|
|poke|p2|Rabsca, F|
|poke|p2|Dragonite, F|
|teampreview
|inactive|Battle timer is ON: inactive players will automatically lose when time's up. (requested by LowELOtest)
|inactive|bocchi mochi also wants the timer to be on.
|c|☆LowELOtest|Glhf
|
|t:|1685854934
|start
|switch|p1a: Gholdengo|Gholdengo|100/100
|switch|p2a: Pelipper|Pelipper, F|100/100
|-weather|RainDance|[from] ability: Drizzle|[of] p2a: Pelipper
|turn|1
|
|t:|1685854939
|switch|p2a: Iron Treads|Iron Treads|100/100
|move|p1a: Gholdengo|Shadow Ball|p2a: Iron Treads
|-damage|p2a: Iron Treads|63/100
|
|-weather|RainDance|[upkeep]
|upkeep
|turn|2
|
|t:|1685854945
|switch|p1a: Tornadus|Tornadus-Therian, M|100/100
|move|p2a: Iron Treads|Ice Spinner|p1a: Tornadus
|-supereffective|p1a: Tornadus
|-damage|p1a: Tornadus|33/100
|
|-weather|RainDance|[upkeep]
|upkeep
|turn|3
|
|t:|1685854963
|switch|p1a: Urshifu|Urshifu-Rapid-Strike, F|100/100
|move|p2a: Iron Treads|Earthquake|p1a: Urshifu
|-damage|p1a: Urshifu|54/100
|
|-weather|RainDance|[upkeep]
|upkeep
|turn|4
|
|t:|1685854972
|move|p1a: Urshifu|Surging Strikes|p2a: Iron Treads
|-supereffective|p2a: Iron Treads
|-crit|p2a: Iron Treads
|-damage|p2a: Iron Treads|11/100
|-supereffective|p2a: Iron Treads
|-crit|p2a: Iron Treads
|-damage|p2a: Iron Treads|0 fnt
|faint|p2a: Iron Treads
|-end|p2a: Iron Treads|Quark Drive|[silent]
|-hitcount|p2: Iron Treads|2
|
|-weather|RainDance|[upkeep]
|upkeep
|
|t:|1685854973
|switch|p2a: Basculegion|Basculegion, M|100/100
|turn|5
|
|t:|1685854987
|switch|p1a: Gholdengo|Gholdengo|100/100
|-terastallize|p2a: Basculegion|Water
|move|p2a: Basculegion|Wave Crash|p1a: Gholdengo
|-damage|p1a: Gholdengo|0 fnt
|faint|p1a: Gholdengo
|-damage|p2a: Basculegion|73/100|[from] Recoil
|
|-weather|RainDance|[upkeep]
|upkeep
|
|t:|1685854999
|switch|p1a: Great Tusk|Great Tusk|100/100
|turn|6
|
|t:|1685855004
|move|p2a: Basculegion|Wave Crash|p1a: Great Tusk
|-supereffective|p1a: Great Tusk
|-damage|p1a: Great Tusk|0 fnt
|-damage|p2a: Basculegion|57/100|[from] item: Rocky Helmet|[of] p1a: Great Tusk
|faint|p1a: Great Tusk
|-end|p1a: Great Tusk|Protosynthesis|[silent]
|-damage|p2a: Basculegion|19/100|[from] Recoil
|
|-weather|RainDance|[upkeep]
|upkeep
|inactive|bocchi mochi has 120 seconds left.
|
|t:|1685855046
|switch|p1a: Urshifu|Urshifu-Rapid-Strike, F|54/100
|turn|7
|
|t:|1685855054
|switch|p1a: Tornadus|Tornadus-Therian, M|67/100
|move|p2a: Basculegion|Wave Crash|p1a: Tornadus
|-damage|p1a: Tornadus|0 fnt
|faint|p1a: Tornadus
|-damage|p2a: Basculegion|0 fnt|[from] Recoil
|faint|p2a: Basculegion
|
|-weather|RainDance|[upkeep]
|upkeep
|
|t:|1685855061
|switch|p1a: Magearna|Magearna|100/100
|switch|p2a: Dragonite|Dragonite, F|100/100
|turn|8
|inactive|bocchi mochi has 120 seconds left.
|
|t:|1685855074
|-terastallize|p1a: Magearna|Flying
|move|p2a: Dragonite|Thunder|p1a: Magearna
|-supereffective|p1a: Magearna
|-damage|p1a: Magearna|61/100
|move|p1a: Magearna|Ice Beam|p2a: Dragonite
|-supereffective|p2a: Dragonite
|-damage|p2a: Dragonite|42/100
|
|-weather|none
|upkeep
|turn|9
|
|t:|1685855080
|move|p2a: Dragonite|Thunder|p1a: Magearna
|-supereffective|p1a: Magearna
|-damage|p1a: Magearna|25/100
|-status|p1a: Magearna|par
|move|p1a: Magearna|Ice Beam|p2a: Dragonite
|-supereffective|p2a: Dragonite
|-damage|p2a: Dragonite|0 fnt
|faint|p2a: Dragonite
|-ability|p1a: Magearna|Soul-Heart|boost
|-boost|p1a: Magearna|spa|1
|
|upkeep
|
|t:|1685855090
|switch|p2a: Rabsca|Rabsca, F|100/100
|turn|10
|
|t:|1685855094
|switch|p1a: Hoopa|Hoopa-Unbound|100/100
|move|p2a: Rabsca|Trick Room|p2a: Rabsca
|-fieldstart|move: Trick Room|[of] p2a: Rabsca
|
|upkeep
|turn|11
|
|t:|1685855101
|move|p2a: Rabsca|Revival Blessing|p2a: Rabsca
|
|t:|1685855105
|-heal|p2: Basculegion|50/100|[from] move: Revival Blessing
|move|p1a: Hoopa|Dark Pulse|p2a: Rabsca
|-supereffective|p2a: Rabsca
|-enditem|p2a: Rabsca|Focus Sash
|-damage|p2a: Rabsca|1/100
|
|upkeep
|turn|12
|
|t:|1685855118
|move|p2a: Rabsca|Dazzling Gleam|p1a: Hoopa
|-supereffective|p1a: Hoopa
|-damage|p1a: Hoopa|49/100
|move|p1a: Hoopa|Dark Pulse|p2a: Rabsca
|-supereffective|p2a: Rabsca
|-crit|p2a: Rabsca
|-damage|p2a: Rabsca|0 fnt
|faint|p2a: Rabsca
|
|upkeep
|
|t:|1685855121
|switch|p2a: Pelipper|Pelipper, F|100/100
|-weather|RainDance|[from] ability: Drizzle|[of] p2a: Pelipper
|turn|13
|
|t:|1685855126
|switch|p1a: Magearna|Magearna, tera:Flying|25/100 par
|move|p2a: Pelipper|U-turn|p1a: Magearna
|-resisted|p1a: Magearna
|-damage|p1a: Magearna|22/100 par
|
|t:|1685855130
|switch|p2a: Kleavor|Kleavor, F|100/100|[from] U-turn
|
|-weather|RainDance|[upkeep]
|upkeep
|turn|14
|
|t:|1685855141
|move|p1a: Magearna|Fleur Cannon|p2a: Kleavor
|-crit|p2a: Kleavor
|-enditem|p2a: Kleavor|Focus Sash
|-damage|p2a: Kleavor|1/100
|-unboost|p1a: Magearna|spa|2
|move|p2a: Kleavor|Stone Axe|p1a: Magearna
|-supereffective|p1a: Magearna
|-damage|p1a: Magearna|0 fnt
|-sidestart|p1: bocchi mochi|move: Stealth Rock
|faint|p1a: Magearna
|
|-weather|RainDance|[upkeep]
|-fieldend|move: Trick Room
|upkeep
|
|t:|1685855155
|switch|p1a: Urshifu|Urshifu-Rapid-Strike, F|54/100
|-damage|p1a: Urshifu|47/100|[from] Stealth Rock
|turn|15
|
|t:|1685855161
|move|p1a: Urshifu|Surging Strikes|p2a: Kleavor
|-supereffective|p2a: Kleavor
|-crit|p2a: Kleavor
|-damage|p2a: Kleavor|0 fnt
|faint|p2a: Kleavor
|-hitcount|p2: Kleavor|1
|
|-weather|RainDance|[upkeep]
|upkeep
|
|t:|1685855176
|switch|p2a: Basculegion|Basculegion, M|50/100
|turn|16
|
|t:|1685855179
|move|p2a: Basculegion|Wave Crash|p1a: Urshifu
|-resisted|p1a: Urshifu
|-damage|p1a: Urshifu|0 fnt
|faint|p1a: Urshifu
|-damage|p2a: Basculegion|36/100|[from] Recoil
|
|-weather|RainDance|[upkeep]
|upkeep
|-message|bocchi mochi forfeited.
|
|win|LowELOtest
|raw|bocchi mochi's rating: 1458 → 1437(-21 for losing)
|raw|LowELOtest's rating: 1448 → 1469(+21 for winning)
|l|☆bocchi mochi
|c|☆LowELOtest|Gg
