|j|☆ignapro000
|j|☆destinsimons
|t:|1685925028
|gametype|singles
|player|p1|ignapro000|169|1027
|player|p2|destinsimons|170|1130
|teamsize|p1|6
|teamsize|p2|6
|gen|9
|tier|[Gen 9] OU
|rated|
|rule|Sleep Clause Mod: Limit one foe put to sleep
|rule|Species Clause: Limit one of each Pokémon
|rule|OHKO Clause: OHKO moves are banned
|rule|Evasion Items Clause: Evasion items are banned
|rule|Evasion Moves Clause: Evasion moves are banned
|rule|Endless Battle Clause: Forcing endless battles is banned
|rule|HP Percentage Mod: HP is shown in percentages
|clearpoke
|poke|p1|Torkoal, F|
|poke|p1|Walking Wake|
|poke|p1|Iron Valiant|
|poke|p1|Ceruledge, M|
|poke|p1|Ting-Lu|
|poke|p1|Lilligant-Hisui, F|
|poke|p2|Ursaluna, M|
|poke|p2|Slowking-Galar, M|
|poke|p2|Magearna|
|poke|p2|Glastrier|
|poke|p2|Cresselia, F|
|poke|p2|Kingambit, M|
|teampreview
|j| seedonpokemon
|inactive|Battle timer is ON: inactive players will automatically lose when time's up. (requested by ignapro000)
|
|t:|1685925051
|start
|switch|p1a: ise giso|Ting-Lu|100/100
|switch|p2a: My Glorious King|Slowking-Galar, M|100/100
|-ability|p1a: ise giso|Vessel of Ruin
|turn|1
|
|t:|1685925061
|move|p1a: ise giso|Stealth Rock|p2a: My Glorious King
|-sidestart|p2: destinsimons|move: Stealth Rock
|move|p2a: My Glorious King|Trick Room|p2a: My Glorious King
|-fieldstart|move: Trick Room|[of] p2a: My Glorious King
|
|upkeep
|turn|2
|
|t:|1685925069
|move|p2a: My Glorious King|Chilly Reception|p2a: My Glorious King
|-weather|Snow
|
|t:|1685925073
|switch|p2a: Cocaine Bear|Ursaluna, M|100/100|[from] Chilly Reception
|-damage|p2a: Cocaine Bear|94/100|[from] Stealth Rock
|move|p1a: ise giso|Whirlwind|p2a: Cocaine Bear
|drag|p2a: ZacianCustoms|Cresselia, F|100/100
|-damage|p2a: ZacianCustoms|88/100|[from] Stealth Rock
|
|-weather|Snow|[upkeep]
|upkeep
|turn|3
|
|t:|1685925086
|move|p1a: ise giso|Spikes|p2a: ZacianCustoms
|-sidestart|p2: destinsimons|Spikes
|move|p2a: ZacianCustoms|Reflect|p2a: ZacianCustoms
|-sidestart|p2: destinsimons|Reflect
|
|-weather|Snow|[upkeep]
|upkeep
|turn|4
|
|t:|1685925092
|move|p1a: ise giso|Spikes|p2a: ZacianCustoms
|-sidestart|p2: destinsimons|Spikes
|move|p2a: ZacianCustoms|Light Screen|p2a: ZacianCustoms
|-sidestart|p2: destinsimons|move: Light Screen
|
|-weather|Snow|[upkeep]
|upkeep
|turn|5
|
|t:|1685925097
|move|p1a: ise giso|Spikes|p2a: ZacianCustoms
|-sidestart|p2: destinsimons|Spikes
|move|p2a: ZacianCustoms|Light Screen||[still]
|-fail|p2a: ZacianCustoms
|
|-weather|Snow|[upkeep]
|-fieldend|move: Trick Room
|upkeep
|turn|6
|
|t:|1685925103
|move|p1a: ise giso|Whirlwind|p2a: ZacianCustoms
|drag|p2a: My Glorious King|Slowking-Galar, M|100/100
|-damage|p2a: My Glorious King|88/100|[from] Stealth Rock
|-damage|p2a: My Glorious King|63/100|[from] Spikes
|
|-weather|none
|-heal|p2a: My Glorious King|69/100|[from] item: Leftovers
|upkeep
|turn|7
|c|☆ignapro000|wait wat
|c|☆ignapro000|a u used a -6 priority move as well
|
|t:|1685925131
|move|p1a: ise giso|Earthquake|p2a: My Glorious King
|-supereffective|p2a: My Glorious King
|-damage|p2a: My Glorious King|40/100
|move|p2a: My Glorious King|Trick Room|p2a: My Glorious King
|-fieldstart|move: Trick Room|[of] p2a: My Glorious King
|
|-heal|p2a: My Glorious King|46/100|[from] item: Leftovers
|upkeep
|turn|8
|
|t:|1685925142
|move|p2a: My Glorious King|Chilly Reception|p2a: My Glorious King
|-weather|Snow
|
|t:|1685925151
|switch|p2a: Bojack|Glastrier|100/100|[from] Chilly Reception
|-damage|p2a: Bojack|76/100|[from] Stealth Rock
|-damage|p2a: Bojack|51/100|[from] Spikes
|move|p1a: ise giso|Whirlwind|p2a: Bojack
|drag|p2a: Ou Forever|Magearna|100/100
|-damage|p2a: Ou Forever|94/100|[from] Stealth Rock
|-damage|p2a: Ou Forever|69/100|[from] Spikes
|
|-weather|Snow|[upkeep]
|upkeep
|turn|9
|c|☆ignapro000|man ting lu is the goat
|
|t:|1685925169
|move|p1a: ise giso|Earthquake|p2a: Ou Forever
|-supereffective|p2a: Ou Forever
|-damage|p2a: Ou Forever|36/100
|move|p2a: Ou Forever|Calm Mind|p2a: Ou Forever
|-boost|p2a: Ou Forever|spa|1
|-boost|p2a: Ou Forever|spd|1
|
|-weather|Snow|[upkeep]
|upkeep
|turn|10
|
|t:|1685925176
|move|p2a: Ou Forever|Fleur Cannon|p1a: ise giso
|-supereffective|p1a: ise giso
|-damage|p1a: ise giso|0 fnt
|-unboost|p2a: Ou Forever|spa|2
|-enditem|p2a: Ou Forever|Eject Pack
|faint|p1a: ise giso
|-ability|p2a: Ou Forever|Soul-Heart|boost
|-boost|p2a: Ou Forever|spa|1
|
|t:|1685925189
|switch|p2a: Cocaine Bear|Ursaluna, M|94/100
|-damage|p2a: Cocaine Bear|88/100|[from] Stealth Rock
|-damage|p2a: Cocaine Bear|64/100|[from] Spikes
|
|-weather|Snow|[upkeep]
|-sideend|p2: destinsimons|Reflect
|-status|p2a: Cocaine Bear|brn|[from] item: Flame Orb
|upkeep
|
|t:|1685925199
|switch|p1a: Ceruledge|Ceruledge, M|100/100
|turn|11
|
|t:|1685925205
|move|p1a: Ceruledge|Endure|p1a: Ceruledge
|-singleturn|p1a: Ceruledge|move: Endure
|move|p2a: Cocaine Bear|Earthquake|p1a: Ceruledge
|-supereffective|p1a: Ceruledge
|-activate|p1a: Ceruledge|move: Endure
|-damage|p1a: Ceruledge|1/100
|-ability|p1a: Ceruledge|Weak Armor|boost
|-unboost|p1a: Ceruledge|def|1
|-boost|p1a: Ceruledge|spe|2
|
|-weather|Snow|[upkeep]
|-heal|p1a: Ceruledge|7/100|[from] item: Leftovers
|-damage|p2a: Cocaine Bear|58/100 brn|[from] brn
|-sideend|p2: destinsimons|move: Light Screen
|-fieldend|move: Trick Room
|upkeep
|turn|12
|
|t:|1685925220
|move|p1a: Ceruledge|Close Combat|p2a: Cocaine Bear
|-supereffective|p2a: Cocaine Bear
|-damage|p2a: Cocaine Bear|0 fnt
|-unboost|p1a: Ceruledge|def|1
|-unboost|p1a: Ceruledge|spd|1
|faint|p2a: Cocaine Bear
|
|-weather|none
|-heal|p1a: Ceruledge|13/100|[from] item: Leftovers
|upkeep
|
|t:|1685925237
|switch|p2a: ZacianCustoms|Cresselia, F|88/100
|-damage|p2a: ZacianCustoms|76/100|[from] Stealth Rock
|turn|13
|
|t:|1685925243
|move|p1a: Ceruledge|Bitter Blade|p2a: ZacianCustoms
|-damage|p2a: ZacianCustoms|44/100
|-heal|p1a: Ceruledge|38/100|[from] drain|[of] p2a: ZacianCustoms
|move|p2a: ZacianCustoms|Reflect|p2a: ZacianCustoms
|-sidestart|p2: destinsimons|Reflect
|
|-heal|p1a: Ceruledge|44/100|[from] item: Leftovers
|upkeep
|turn|14
|
|t:|1685925252
|move|p1a: Ceruledge|Bulk Up|p1a: Ceruledge
|-boost|p1a: Ceruledge|atk|1
|-boost|p1a: Ceruledge|def|1
|move|p2a: ZacianCustoms|Trick Room|p2a: ZacianCustoms
|-fieldstart|move: Trick Room|[of] p2a: ZacianCustoms
|
|-heal|p1a: Ceruledge|50/100|[from] item: Leftovers
|upkeep
|turn|15
|
|t:|1685925259
|move|p2a: ZacianCustoms|Lunar Dance|p2a: ZacianCustoms
|faint|p2a: ZacianCustoms
|move|p1a: Ceruledge|Bulk Up|p1a: Ceruledge
|-boost|p1a: Ceruledge|atk|1
|-boost|p1a: Ceruledge|def|1
|
|-heal|p1a: Ceruledge|56/100|[from] item: Leftovers
|upkeep
|
|t:|1685925269
|switch|p2a: Bojack|Glastrier|51/100
|-heal|p2a: Bojack|100/100|[from] move: Lunar Dance
|-damage|p2a: Bojack|76/100|[from] Stealth Rock
|-damage|p2a: Bojack|51/100|[from] Spikes
|turn|16
|
|t:|1685925279
|move|p2a: Bojack|Crunch|p1a: Ceruledge
|-supereffective|p1a: Ceruledge
|-damage|p1a: Ceruledge|0 fnt
|faint|p1a: Ceruledge
|-ability|p2a: Bojack|Chilling Neigh|boost
|-boost|p2a: Bojack|atk|1
|-damage|p2a: Bojack|41/100|[from] item: Life Orb
|
|upkeep
|c|☆ignapro000|aaa forgot the tr
|
|t:|1685925289
|switch|p1a: mbappe|Torkoal, F|100/100
|-weather|SunnyDay|[from] ability: Drought|[of] p1a: mbappe
|turn|17
|
|t:|1685925306
|-terastallize|p2a: Bojack|Fighting
|move|p1a: mbappe|Yawn|p2a: Bojack
|-start|p2a: Bojack|move: Yawn|[of] p1a: mbappe
|move|p2a: Bojack|Swords Dance|p2a: Bojack
|-boost|p2a: Bojack|atk|2
|
|-weather|SunnyDay|[upkeep]
|upkeep
|turn|18
|
|t:|1685925315
|move|p1a: mbappe|Lava Plume|p2a: Bojack
|-damage|p2a: Bojack|15/100
|-status|p2a: Bojack|brn
|move|p2a: Bojack|Close Combat|p1a: mbappe
|-damage|p1a: mbappe|31/100
|-unboost|p2a: Bojack|def|1
|-unboost|p2a: Bojack|spd|1
|-damage|p2a: Bojack|5/100 brn|[from] item: Life Orb
|
|-weather|SunnyDay|[upkeep]
|-damage|p2a: Bojack|0 fnt|[from] brn
|faint|p2a: Bojack
|-fieldend|move: Trick Room
|upkeep
|l| seedonpokemon
|
|t:|1685925329
|switch|p2a: My Glorious King|Slowking-Galar, M|79/100
|-damage|p2a: My Glorious King|66/100|[from] Stealth Rock
|-damage|p2a: My Glorious King|42/100|[from] Spikes
|turn|19
|
|t:|1685925345
|switch|p1a: Lilligant|Lilligant-Hisui, F|100/100
|move|p2a: My Glorious King|Future Sight|p1a: Lilligant
|-start|p2a: My Glorious King|move: Future Sight
|
|-weather|SunnyDay|[upkeep]
|-heal|p2a: My Glorious King|48/100|[from] item: Leftovers
|upkeep
|turn|20
|
|t:|1685925358
|move|p1a: Lilligant|Victory Dance|p1a: Lilligant
|-boost|p1a: Lilligant|atk|1
|-boost|p1a: Lilligant|def|1
|-boost|p1a: Lilligant|spe|1
|move|p2a: My Glorious King|Trick Room|p2a: My Glorious King
|-fieldstart|move: Trick Room|[of] p2a: My Glorious King
|
|-weather|SunnyDay|[upkeep]
|-heal|p2a: My Glorious King|54/100|[from] item: Leftovers
|-sideend|p2: destinsimons|Reflect
|upkeep
|turn|21
|
|t:|1685925367
|move|p2a: My Glorious King|Flamethrower|p1a: Lilligant
|-supereffective|p1a: Lilligant
|-damage|p1a: Lilligant|4/100
|move|p1a: Lilligant|Solar Blade||[still]
|-prepare|p1a: Lilligant|Solar Blade
|-anim|p1a: Lilligant|Solar Blade|p2a: My Glorious King
|-resisted|p2a: My Glorious King
|-damage|p2a: My Glorious King|18/100
|
|-weather|SunnyDay|[upkeep]
|-end|p1a: Lilligant|move: Future Sight
|-supereffective|p1a: Lilligant
|-damage|p1a: Lilligant|0 fnt
|faint|p1a: Lilligant
|-heal|p2a: My Glorious King|24/100|[from] item: Leftovers
|upkeep
|c|☆ignapro000|xd
|
|t:|1685925382
|switch|p1a: george's dinosaur|Walking Wake|100/100
|-activate|p1a: george's dinosaur|ability: Protosynthesis
|-start|p1a: george's dinosaur|protosynthesisspa
|turn|22
|
|t:|1685925394
|-end|p1a: george's dinosaur|Protosynthesis|[silent]
|switch|p1a: Iron Valiant|Iron Valiant|100/100
|-enditem|p1a: Iron Valiant|Booster Energy
|-activate|p1a: Iron Valiant|ability: Quark Drive|[fromitem]
|-start|p1a: Iron Valiant|quarkdrivespe
|move|p2a: My Glorious King|Future Sight|p1a: Iron Valiant
|-start|p2a: My Glorious King|move: Future Sight
|
|-weather|SunnyDay|[upkeep]
|-heal|p2a: My Glorious King|30/100|[from] item: Leftovers
|upkeep
|turn|23
|
|t:|1685925414
|move|p2a: My Glorious King|Flamethrower|p1a: Iron Valiant
|-damage|p1a: Iron Valiant|33/100
|move|p1a: Iron Valiant|Moonblast|p2a: My Glorious King
|-resisted|p2a: My Glorious King
|-damage|p2a: My Glorious King|15/100
|-unboost|p2a: My Glorious King|spa|1
|
|-weather|SunnyDay|[upkeep]
|-heal|p2a: My Glorious King|21/100|[from] item: Leftovers
|upkeep
|turn|24
|
|t:|1685925431
|move|p2a: My Glorious King|Flamethrower|p1a: Iron Valiant
|-damage|p1a: Iron Valiant|0 fnt
|faint|p1a: Iron Valiant
|-end|p1a: Iron Valiant|Quark Drive|[silent]
|
|-weather|none
|-hint|Future Sight did not hit because the target is fainted.
|-heal|p2a: My Glorious King|27/100|[from] item: Leftovers
|-fieldend|move: Trick Room
|upkeep
|
|t:|1685925439
|switch|p1a: george's dinosaur|Walking Wake|100/100
|turn|25
|
|t:|1685925447
|move|p1a: george's dinosaur|Flamethrower|p2a: My Glorious King
|-damage|p2a: My Glorious King|6/100
|move|p2a: My Glorious King|Trick Room|p2a: My Glorious King
|-fieldstart|move: Trick Room|[of] p2a: My Glorious King
|
|-heal|p2a: My Glorious King|12/100|[from] item: Leftovers
|upkeep
|turn|26
|c|☆ignapro000|WTF
|
|t:|1685925456
|move|p2a: My Glorious King|Future Sight|p1a: george's dinosaur
|-start|p2a: My Glorious King|move: Future Sight
|move|p1a: george's dinosaur|Flamethrower|p2a: My Glorious King
|-damage|p2a: My Glorious King|0 fnt
|faint|p2a: My Glorious King
|
|upkeep
|
|t:|1685925460
|switch|p2a: Kingambit|Kingambit, M|100/100
|-damage|p2a: Kingambit|94/100|[from] Stealth Rock
|-damage|p2a: Kingambit|69/100|[from] Spikes
|-activate|p2a: Kingambit|ability: Supreme Overlord
|-start|p2a: Kingambit|fallen4|[silent]
|turn|27
|
|t:|1685925473
|-terastallize|p1a: george's dinosaur|Steel
|move|p2a: Kingambit|Kowtow Cleave|p1a: george's dinosaur
|-damage|p1a: george's dinosaur|2/100
|move|p1a: george's dinosaur|Flamethrower|p2a: Kingambit
|-supereffective|p2a: Kingambit
|-damage|p2a: Kingambit|0 fnt
|faint|p2a: Kingambit
|-end|p2a: Kingambit|fallen4|[silent]
|
|upkeep
|
|t:|1685925480
|switch|p2a: Ou Forever|Magearna|36/100
|-damage|p2a: Ou Forever|30/100|[from] Stealth Rock
|-damage|p2a: Ou Forever|5/100|[from] Spikes
|turn|28
|
|t:|1685925488
|move|p2a: Ou Forever|Fleur Cannon|p1a: george's dinosaur
|-resisted|p1a: george's dinosaur
|-damage|p1a: george's dinosaur|0 fnt
|-unboost|p2a: Ou Forever|spa|2
|faint|p1a: george's dinosaur
|-ability|p2a: Ou Forever|Soul-Heart|boost
|-boost|p2a: Ou Forever|spa|1
|-end|p1a: george's dinosaur|Protosynthesis|[silent]
|
|-hint|Future Sight did not hit because the target is fainted.
|upkeep
|
|t:|1685925496
|switch|p1a: mbappe|Torkoal, F|31/100
|-weather|SunnyDay|[from] ability: Drought|[of] p1a: mbappe
|turn|29
|
|t:|1685925502
|move|p1a: mbappe|Lava Plume|p2a: Ou Forever
|-supereffective|p2a: Ou Forever
|-damage|p2a: Ou Forever|0 fnt
|faint|p2a: Ou Forever
|
|win|ignapro000
|raw|ignapro000's rating: 1027 → 1073(+46 for winning)
|raw|destinsimons's rating: 1130 → 1098(-32 for losing)
|l|☆destinsimons
|c|☆ignapro000|ALMOST HAD A HEART ATACK
|c|☆ignapro000|caps sorry
