|j|☆Seem22
|j|☆igneo3000
|t:|1685911246
|gametype|singles
|player|p1|Seem22|clown|1115
|player|p2|igneo3000|unknown|1110
|teamsize|p1|6
|teamsize|p2|6
|gen|9
|tier|[Gen 9] OU
|rated|
|rule|Sleep Clause Mod: Limit one foe put to sleep
|rule|Species Clause: Limit one of each Pokémon
|rule|OHKO Clause: OHKO moves are banned
|rule|Evasion Items Clause: Evasion items are banned
|rule|Evasion Moves Clause: Evasion moves are banned
|rule|Endless Battle Clause: Forcing endless battles is banned
|rule|HP Percentage Mod: HP is shown in percentages
|clearpoke
|poke|p1|Lilligant-Hisui, F|
|poke|p1|Magearna|
|poke|p1|Glimmora, F|
|poke|p1|Grimmsnarl, M|
|poke|p1|Gholdengo|
|poke|p1|Iron Valiant|
|poke|p2|Arcanine-Hisui, M|
|poke|p2|Goodra-Hisui, M|
|poke|p2|Typhlosion-Hisui, M|
|poke|p2|Braviary-Hisui, M|
|poke|p2|Drifblim, M|
|poke|p2|Diancie|
|teampreview
|inactive|Battle timer is ON: inactive players will automatically lose when time's up. (requested by Seem22)
|
|t:|1685911268
|start
|switch|p1a: Glimmora|Glimmora, F, shiny|100/100
|switch|p2a: Goodra|Goodra-Hisui, M|100/100
|turn|1
|
|t:|1685911276
|move|p1a: Glimmora|Stealth Rock|p2a: Goodra
|-sidestart|p2: igneo3000|move: Stealth Rock
|move|p2a: Goodra|Earthquake|p1a: Glimmora
|-supereffective|p1a: Glimmora
|-enditem|p1a: Glimmora|Focus Sash
|-damage|p1a: Glimmora|1/100
|-activate|p1a: Glimmora|ability: Toxic Debris
|-sidestart|p2: igneo3000|move: Toxic Spikes
|
|upkeep
|turn|2
|
|t:|1685911284
|move|p1a: Glimmora|Earth Power|p2a: Goodra
|-supereffective|p2a: Goodra
|-damage|p2a: Goodra|75/100
|move|p2a: Goodra|Earthquake|p1a: Glimmora
|-supereffective|p1a: Glimmora
|-damage|p1a: Glimmora|0 fnt
|-activate|p1a: Glimmora|ability: Toxic Debris
|-sidestart|p2: igneo3000|move: Toxic Spikes
|faint|p1a: Glimmora
|
|upkeep
|
|t:|1685911300
|switch|p1a: Grimmsnarl|Grimmsnarl, M, shiny|100/100
|turn|3
|
|t:|1685911304
|move|p1a: Grimmsnarl|Reflect|p1a: Grimmsnarl
|-sidestart|p1: Seem22|Reflect
|move|p2a: Goodra|Iron Head|p1a: Grimmsnarl
|-supereffective|p1a: Grimmsnarl
|-damage|p1a: Grimmsnarl|67/100
|
|upkeep
|turn|4
|
|t:|1685911310
|switch|p2a: Drifblim|Drifblim, M|100/100
|move|p1a: Grimmsnarl|Light Screen|p1a: Grimmsnarl
|-sidestart|p1: Seem22|move: Light Screen
|
|upkeep
|turn|5
|
|t:|1685911314
|move|p1a: Grimmsnarl|Parting Shot|p2a: Drifblim
|-unboost|p2a: Drifblim|atk|1
|-unboost|p2a: Drifblim|spa|1
|
|t:|1685911331
|switch|p1a: Magearna|Magearna|100/100|[from] Parting Shot
|move|p2a: Drifblim|Defog|p1a: Magearna
|-unboost|p1a: Magearna|evasion|1
|-sideend|p1: Seem22|Reflect
|-sideend|p1: Seem22|move: Light Screen
|-sideend|p2: igneo3000|Toxic Spikes|[from] move: Defog|[of] p2a: Drifblim
|-sideend|p2: igneo3000|Stealth Rock|[from] move: Defog|[of] p2a: Drifblim
|
|upkeep
|turn|6
|
|t:|1685911349
|switch|p1a: Grimmsnarl|Grimmsnarl, M, shiny|67/100
|move|p2a: Drifblim|Will-O-Wisp|p1a: Grimmsnarl
|-status|p1a: Grimmsnarl|brn
|
|-damage|p1a: Grimmsnarl|61/100 brn|[from] brn
|upkeep
|turn|7
|
|t:|1685911363
|switch|p2a: Diancie|Diancie|100/100
|move|p1a: Grimmsnarl|Taunt|p2a: Diancie
|-start|p2a: Diancie|move: Taunt
|
|-damage|p1a: Grimmsnarl|55/100 brn|[from] brn
|upkeep
|turn|8
|
|t:|1685911370
|move|p1a: Grimmsnarl|Reflect|p1a: Grimmsnarl
|-sidestart|p1: Seem22|Reflect
|move|p2a: Diancie|Diamond Storm|p1a: Grimmsnarl
|-damage|p1a: Grimmsnarl|24/100 brn
|-boost|p2a: Diancie|def|2
|
|-damage|p1a: Grimmsnarl|18/100 brn|[from] brn
|upkeep
|turn|9
|
|t:|1685911389
|move|p1a: Grimmsnarl|Light Screen|p1a: Grimmsnarl
|-sidestart|p1: Seem22|move: Light Screen
|move|p2a: Diancie|Diamond Storm|p1a: Grimmsnarl
|-damage|p1a: Grimmsnarl|0 fnt
|-boost|p2a: Diancie|def|2
|faint|p1a: Grimmsnarl
|
|-end|p2a: Diancie|move: Taunt
|upkeep
|
|t:|1685911405
|switch|p1a: Lilligant|Lilligant-Hisui, F, shiny|100/100
|turn|10
|
|t:|1685911411
|move|p1a: Lilligant|Victory Dance|p1a: Lilligant
|-boost|p1a: Lilligant|atk|1
|-boost|p1a: Lilligant|def|1
|-boost|p1a: Lilligant|spe|1
|move|p2a: Diancie|Rock Polish|p2a: Diancie
|-boost|p2a: Diancie|spe|2
|
|upkeep
|turn|11
|
|t:|1685911424
|-terastallize|p1a: Lilligant|Water
|-terastallize|p2a: Diancie|Flying
|move|p1a: Lilligant|Victory Dance|p1a: Lilligant
|-boost|p1a: Lilligant|atk|1
|-boost|p1a: Lilligant|def|1
|-boost|p1a: Lilligant|spe|1
|move|p2a: Diancie|Play Rough|p1a: Lilligant
|-damage|p1a: Lilligant|83/100
|
|upkeep
|turn|12
|
|t:|1685911437
|move|p1a: Lilligant|Victory Dance|p1a: Lilligant
|-boost|p1a: Lilligant|atk|1
|-boost|p1a: Lilligant|def|1
|-boost|p1a: Lilligant|spe|1
|move|p2a: Diancie|Diamond Storm|p1a: Lilligant
|-damage|p1a: Lilligant|67/100
|-boost|p2a: Diancie|def|2
|
|upkeep
|turn|13
|
|t:|1685911444
|move|p1a: Lilligant|Victory Dance|p1a: Lilligant
|-boost|p1a: Lilligant|atk|1
|-boost|p1a: Lilligant|def|1
|-boost|p1a: Lilligant|spe|1
|move|p2a: Diancie|Rock Polish|p2a: Diancie
|-boost|p2a: Diancie|spe|2
|
|upkeep
|turn|14
|
|t:|1685911452
|move|p1a: Lilligant|Victory Dance|p1a: Lilligant
|-boost|p1a: Lilligant|atk|1
|-boost|p1a: Lilligant|def|1
|-boost|p1a: Lilligant|spe|1
|move|p2a: Diancie|Play Rough|p1a: Lilligant
|-damage|p1a: Lilligant|59/100
|
|upkeep
|turn|15
|
|t:|1685911464
|move|p1a: Lilligant|Aerial Ace|p2a: Diancie
|-damage|p2a: Diancie|77/100
|move|p2a: Diancie|Play Rough|p1a: Lilligant
|-damage|p1a: Lilligant|49/100
|
|-sideend|p1: Seem22|Reflect
|upkeep
|turn|16
|
|t:|1685911471
|move|p1a: Lilligant|Leaf Blade|p2a: Diancie
|-resisted|p2a: Diancie
|-crit|p2a: Diancie
|-damage|p2a: Diancie|0 fnt
|faint|p2a: Diancie
|
|-sideend|p1: Seem22|move: Light Screen
|upkeep
|c|☆Seem22|OOOHHHHHHHH
|c|☆Seem22|YESSSSSS
|n|!Seem22|seem22
|
|t:|1685911500
|switch|p2a: Arcanine|Arcanine-Hisui, M|100/100
|turn|17
|
|t:|1685911506
|move|p2a: Arcanine|Extreme Speed|p1a: Lilligant
|-damage|p1a: Lilligant|38/100
|move|p1a: Lilligant|Close Combat|p2a: Arcanine
|-supereffective|p2a: Arcanine
|-damage|p2a: Arcanine|0 fnt
|-unboost|p1a: Lilligant|def|1
|-unboost|p1a: Lilligant|spd|1
|faint|p2a: Arcanine
|
|upkeep
|
|t:|1685911521
|switch|p2a: Braviary|Braviary-Hisui, M|100/100
|turn|18
|
|t:|1685911526
|move|p1a: Lilligant|Aerial Ace|p2a: Braviary
|-damage|p2a: Braviary|0 fnt
|faint|p2a: Braviary
|
|upkeep
|-message|igneo3000 forfeited.
|
|win|Seem22
|raw|Seem22's rating: 1115 → 1140(+25 for winning)
|raw|igneo3000's rating: 1110 → 1085(-25 for losing)
|l|☆igneo3000
