|j|☆Navi987
|j|☆FierceHawk192
|t:|1685821190
|gametype|singles
|player|p1|Navi987|1|1228
|player|p2|FierceHawk192|pokemonranger-gen4|1268
|teamsize|p1|6
|teamsize|p2|6
|gen|9
|tier|[Gen 9] OU
|rated|
|rule|Sleep Clause Mod: Limit one foe put to sleep
|rule|Species Clause: Limit one of each Pokémon
|rule|OHKO Clause: OHKO moves are banned
|rule|Evasion Items Clause: Evasion items are banned
|rule|Evasion Moves Clause: Evasion moves are banned
|rule|Endless Battle Clause: Forcing endless battles is banned
|rule|HP Percentage Mod: HP is shown in percentages
|clearpoke
|poke|p1|Arboliva, F|
|poke|p1|Typhlosion-Hisui, M|
|poke|p1|Quaquaval, M|
|poke|p1|Bellibolt, M|
|poke|p1|Slowking-Galar, F|
|poke|p1|Orthworm, M|
|poke|p2|Heatran, M|
|poke|p2|Chien-Pao|
|poke|p2|Rotom-Wash|
|poke|p2|Iron Treads|
|poke|p2|Zamazenta-*|
|poke|p2|Enamorus, F|
|teampreview
|
|t:|1685821204
|start
|switch|p1a: Olivia Pierce|Arboliva, F|100/100
|switch|p2a: Heatran|Heatran, M, shiny|100/100
|turn|1
|
|t:|1685821210
|move|p2a: Heatran|Stealth Rock|p1a: Olivia Pierce
|-sidestart|p1: Navi987|move: Stealth Rock
|move|p1a: Olivia Pierce|Earth Power|p2a: Heatran
|-supereffective|p2a: Heatran
|-damage|p2a: Heatran|0 fnt
|faint|p2a: Heatran
|
|upkeep
|
|t:|1685821217
|switch|p2a: Chien-Pao|Chien-Pao|100/100
|-ability|p2a: Chien-Pao|Sword of Ruin
|turn|2
|
|t:|1685821232
|-terastallize|p1a: Olivia Pierce|Ghost
|move|p2a: Chien-Pao|Ice Spinner|p1a: Olivia Pierce
|-damage|p1a: Olivia Pierce|23/100
|-fieldstart|move: Grassy Terrain|[from] ability: Seed Sower|[of] p1a: Olivia Pierce
|move|p1a: Olivia Pierce|Dazzling Gleam|p2a: Chien-Pao
|-supereffective|p2a: Chien-Pao
|-damage|p2a: Chien-Pao|7/100
|
|-heal|p2a: Chien-Pao|13/100|[from] Grassy Terrain
|-heal|p1a: Olivia Pierce|29/100|[from] Grassy Terrain
|upkeep
|turn|3
|
|t:|1685821242
|switch|p2a: Iron Treads|Iron Treads|100/100
|switch|p1a: Amorbis|Orthworm, M|100/100
|-damage|p1a: Amorbis|94/100|[from] Stealth Rock
|
|-heal|p1a: Amorbis|100/100|[from] Grassy Terrain
|upkeep
|turn|4
|
|t:|1685821251
|move|p2a: Iron Treads|Knock Off|p1a: Amorbis
|-damage|p1a: Amorbis|83/100
|-damage|p2a: Iron Treads|84/100|[from] item: Rocky Helmet|[of] p1a: Amorbis
|-enditem|p1a: Amorbis|Rocky Helmet|[from] move: Knock Off|[of] p2a: Iron Treads
|move|p1a: Amorbis|Coil|p1a: Amorbis
|-boost|p1a: Amorbis|atk|1
|-boost|p1a: Amorbis|def|1
|-boost|p1a: Amorbis|accuracy|1
|
|-heal|p2a: Iron Treads|90/100|[from] Grassy Terrain
|-heal|p1a: Amorbis|90/100|[from] Grassy Terrain
|upkeep
|turn|5
|
|t:|1685821262
|move|p2a: Iron Treads|Volt Switch|p1a: Amorbis
|-damage|p1a: Amorbis|72/100
|
|t:|1685821266
|-end|p2a: Iron Treads|Quark Drive|[silent]
|switch|p2a: Rotom|Rotom-Wash|100/100|[from] Volt Switch
|move|p1a: Amorbis|Stealth Rock|p2a: Rotom
|-sidestart|p2: FierceHawk192|move: Stealth Rock
|
|-heal|p1a: Amorbis|78/100|[from] Grassy Terrain
|upkeep
|turn|6
|
|t:|1685821277
|switch|p1a: Fat Frog|Bellibolt, M|100/100
|-damage|p1a: Fat Frog|88/100|[from] Stealth Rock
|move|p2a: Rotom|Hydro Pump|p1a: Fat Frog
|-damage|p1a: Fat Frog|69/100
|-start|p1a: Fat Frog|Charge|Hydro Pump|[from] ability: Electromorphosis
|
|-heal|p1a: Fat Frog|75/100|[from] Grassy Terrain
|-fieldend|move: Grassy Terrain
|upkeep
|turn|7
|
|t:|1685821287
|move|p2a: Rotom|Protect|p2a: Rotom
|-singleturn|p2a: Rotom|Protect
|move|p1a: Fat Frog|Chilling Water|p2a: Rotom
|-activate|p2a: Rotom|move: Protect
|
|upkeep
|turn|8
|
|t:|1685821296
|move|p2a: Rotom|Hydro Pump|p1a: Fat Frog|[miss]
|-miss|p2a: Rotom|p1a: Fat Frog
|move|p1a: Fat Frog|Charge Beam|p2a: Rotom
|-damage|p2a: Rotom|74/100
|-boost|p1a: Fat Frog|spa|1
|-end|p1a: Fat Frog|Charge|[silent]
|
|-heal|p2a: Rotom|80/100|[from] item: Leftovers
|upkeep
|turn|9
|
|t:|1685821304
|move|p2a: Rotom|Volt Switch|p1a: Fat Frog
|-resisted|p1a: Fat Frog
|-damage|p1a: Fat Frog|69/100
|-start|p1a: Fat Frog|Charge|Volt Switch|[from] ability: Electromorphosis
|
|t:|1685821306
|switch|p2a: Iron Treads|Iron Treads|90/100|[from] Volt Switch
|-damage|p2a: Iron Treads|87/100|[from] Stealth Rock
|move|p1a: Fat Frog|Acid Spray|p2a: Iron Treads
|-immune|p2a: Iron Treads
|
|upkeep
|turn|10
|
|t:|1685821319
|move|p2a: Iron Treads|Earthquake|p1a: Fat Frog
|-supereffective|p1a: Fat Frog
|-damage|p1a: Fat Frog|0 fnt
|faint|p1a: Fat Frog
|
|upkeep
|
|t:|1685821335
|switch|p1a: Dolan|Quaquaval, M|100/100
|-damage|p1a: Dolan|94/100|[from] Stealth Rock
|turn|11
|
|t:|1685821340
|move|p2a: Iron Treads|Volt Switch|p1a: Dolan
|-supereffective|p1a: Dolan
|-damage|p1a: Dolan|61/100
|
|t:|1685821343
|-end|p2a: Iron Treads|Quark Drive|[silent]
|switch|p2a: Enamorus|Enamorus, F|100/100|[from] Volt Switch
|-damage|p2a: Enamorus|76/100|[from] Stealth Rock
|move|p1a: Dolan|Rapid Spin|p2a: Enamorus
|-damage|p2a: Enamorus|50/100
|-boost|p1a: Dolan|spe|1
|-sideend|p1: Navi987|Stealth Rock|[from] move: Rapid Spin|[of] p1a: Dolan
|
|upkeep
|turn|12
|
|t:|1685821351
|move|p1a: Dolan|Ice Spinner|p2a: Enamorus
|-supereffective|p2a: Enamorus
|-damage|p2a: Enamorus|0 fnt
|faint|p2a: Enamorus
|-ability|p1a: Dolan|Moxie|boost
|-boost|p1a: Dolan|atk|1
|
|upkeep
|
|t:|1685821369
|switch|p2a: Rotom|Rotom-Wash|80/100
|-damage|p2a: Rotom|68/100|[from] Stealth Rock
|turn|13
|
|t:|1685821376
|move|p2a: Rotom|Protect|p2a: Rotom
|-singleturn|p2a: Rotom|Protect
|move|p1a: Dolan|Close Combat|p2a: Rotom
|-activate|p2a: Rotom|move: Protect
|
|-heal|p2a: Rotom|74/100|[from] item: Leftovers
|upkeep
|turn|14
|
|t:|1685821383
|move|p1a: Dolan|Close Combat|p2a: Rotom
|-damage|p2a: Rotom|0 fnt
|-unboost|p1a: Dolan|def|1
|-unboost|p1a: Dolan|spd|1
|faint|p2a: Rotom
|-ability|p1a: Dolan|Moxie|boost
|-boost|p1a: Dolan|atk|1
|
|upkeep
|
|t:|1685821394
|switch|p2a: Iron Treads|Iron Treads|87/100
|-damage|p2a: Iron Treads|84/100|[from] Stealth Rock
|turn|15
|
|t:|1685821399
|-terastallize|p2a: Iron Treads|Flying
|move|p1a: Dolan|Aqua Step|p2a: Iron Treads
|-damage|p2a: Iron Treads|15/100
|-boost|p1a: Dolan|spe|1
|move|p2a: Iron Treads|Earthquake|p1a: Dolan
|-damage|p1a: Dolan|0 fnt
|faint|p1a: Dolan
|
|upkeep
|
|t:|1685821412
|switch|p1a: Ghost Rider|Typhlosion-Hisui, M|100/100
|turn|16
|
|t:|1685821418
|switch|p1a: Olivia Pierce|Arboliva, F, tera:Ghost|29/100
|move|p2a: Iron Treads|Earthquake|p1a: Olivia Pierce
|-damage|p1a: Olivia Pierce|0 fnt
|-fieldstart|move: Grassy Terrain|[from] ability: Seed Sower|[of] p1a: Olivia Pierce
|faint|p1a: Olivia Pierce
|
|upkeep
|
|t:|1685821433
|switch|p1a: Amorbis|Orthworm, M|78/100
|turn|17
|
|t:|1685821436
|move|p2a: Iron Treads|Rapid Spin|p1a: Amorbis
|-resisted|p1a: Amorbis
|-damage|p1a: Amorbis|74/100
|-boost|p2a: Iron Treads|spe|1
|-sideend|p2: FierceHawk192|Stealth Rock|[from] move: Rapid Spin|[of] p2a: Iron Treads
|move|p1a: Amorbis|Coil|p1a: Amorbis
|-boost|p1a: Amorbis|atk|1
|-boost|p1a: Amorbis|def|1
|-boost|p1a: Amorbis|accuracy|1
|
|-heal|p1a: Amorbis|80/100|[from] Grassy Terrain
|upkeep
|turn|18
|
|t:|1685821455
|move|p2a: Iron Treads|Volt Switch|p1a: Amorbis
|-damage|p1a: Amorbis|64/100
|
|t:|1685821457
|-end|p2a: Iron Treads|Quark Drive|[silent]
|switch|p2a: Chien-Pao|Chien-Pao|13/100|[from] Volt Switch
|-ability|p2a: Chien-Pao|Sword of Ruin
|move|p1a: Amorbis|Stealth Rock|p2a: Chien-Pao
|-sidestart|p2: FierceHawk192|move: Stealth Rock
|
|-heal|p2a: Chien-Pao|19/100|[from] Grassy Terrain
|-heal|p1a: Amorbis|70/100|[from] Grassy Terrain
|upkeep
|turn|19
|
|t:|1685821466
|move|p2a: Chien-Pao|Sacred Sword|p1a: Amorbis
|-supereffective|p1a: Amorbis
|-damage|p1a: Amorbis|2/100
|move|p1a: Amorbis|Iron Head|p2a: Chien-Pao
|-supereffective|p2a: Chien-Pao
|-damage|p2a: Chien-Pao|0 fnt
|faint|p2a: Chien-Pao
|
|-heal|p1a: Amorbis|8/100|[from] Grassy Terrain
|upkeep
|
|t:|1685821468
|switch|p2a: Zamazenta|Zamazenta|100/100
|-damage|p2a: Zamazenta|94/100|[from] Stealth Rock
|-ability|p2a: Zamazenta|Dauntless Shield|boost
|-boost|p2a: Zamazenta|def|1
|turn|20
|
|t:|1685821483
|switch|p1a: Ghost Rider|Typhlosion-Hisui, M|100/100
|move|p2a: Zamazenta|Close Combat|p1a: Ghost Rider
|-immune|p1a: Ghost Rider
|
|-heal|p2a: Zamazenta|100/100|[from] Grassy Terrain
|-fieldend|move: Grassy Terrain
|upkeep
|turn|21
|
|t:|1685821492
|switch|p2a: Iron Treads|Iron Treads, tera:Flying|15/100
|-damage|p2a: Iron Treads|0 fnt|[from] Stealth Rock
|faint|p2a: Iron Treads
|-end|p2a: Iron Treads|Quark Drive|[silent]
|move|p1a: Ghost Rider|Infernal Parade|p2: Iron Treads|[notarget]
|-fail|p1a: Ghost Rider
|
|upkeep
|
|t:|1685821494
|switch|p2a: Zamazenta|Zamazenta|100/100
|-damage|p2a: Zamazenta|94/100|[from] Stealth Rock
|turn|22
|
|t:|1685821502
|move|p2a: Zamazenta|Wild Charge|p1a: Ghost Rider
|-damage|p1a: Ghost Rider|33/100
|-damage|p2a: Zamazenta|79/100|[from] Recoil
|move|p1a: Ghost Rider|Infernal Parade|p2a: Zamazenta
|-damage|p2a: Zamazenta|51/100
|
|upkeep
|turn|23
|
|t:|1685821510
|move|p2a: Zamazenta|Wild Charge|p1a: Ghost Rider
|-damage|p1a: Ghost Rider|0 fnt
|faint|p1a: Ghost Rider
|-damage|p2a: Zamazenta|44/100|[from] Recoil
|
|upkeep
|
|t:|1685821514
|switch|p1a: Borg|Slowking-Galar, F|100/100
|turn|24
|
|t:|1685821529
|move|p2a: Zamazenta|Wild Charge|p1a: Borg
|-damage|p1a: Borg|64/100
|-damage|p2a: Zamazenta|33/100|[from] Recoil
|move|p1a: Borg|Psychic|p2a: Zamazenta
|-supereffective|p2a: Zamazenta
|-damage|p2a: Zamazenta|0 fnt
|faint|p2a: Zamazenta
|
|win|Navi987
|raw|Navi987's rating: 1228 → 1256(+28 for winning)
|raw|FierceHawk192's rating: 1268 → 1240(-28 for losing)
|l|☆FierceHawk192
|c|☆Navi987|gg
