|j|☆Granny Pie
|j|☆danprice
|t:|1685921795
|gametype|singles
|player|p1|Granny Pie|medium|1662
|player|p2|danprice|169|1753
|teamsize|p1|6
|teamsize|p2|6
|gen|9
|tier|[Gen 9] OU
|rated|
|rule|Sleep Clause Mod: Limit one foe put to sleep
|rule|Species Clause: Limit one of each Pokémon
|rule|OHKO Clause: OHKO moves are banned
|rule|Evasion Items Clause: Evasion items are banned
|rule|Evasion Moves Clause: Evasion moves are banned
|rule|Endless Battle Clause: Forcing endless battles is banned
|rule|HP Percentage Mod: HP is shown in percentages
|clearpoke
|poke|p1|Magearna|
|poke|p1|Drifblim, F|
|poke|p1|Clodsire, M|
|poke|p1|Skeledirge, M|
|poke|p1|Toxapex, M|
|poke|p1|Blissey, F|
|poke|p2|Dragapult, M|
|poke|p2|Cinderace, F|
|poke|p2|Zoroark-Hisui, M|
|poke|p2|Zamazenta-*|
|poke|p2|Urshifu-*, M|
|poke|p2|Gholdengo|
|teampreview
|j| calydon
|j| Paradox N
|inactive|Battle timer is ON: inactive players will automatically lose when time's up. (requested by Granny Pie)
|l| Paradox N
|j| ILLUMINATI
|
|t:|1685921840
|start
|switch|p1a: DaBaby|Toxapex, M, shiny|100/100
|switch|p2a: Gholdengo|Gholdengo|100/100
|turn|1
|
|t:|1685921845
|move|p2a: Gholdengo|Trick|p1a: DaBaby
|-activate|p2a: Gholdengo|move: Trick|[of] p1a: DaBaby
|-item|p1a: DaBaby|Choice Scarf|[from] move: Trick
|-item|p2a: Gholdengo|Heavy-Duty Boots|[from] move: Trick
|move|p1a: DaBaby|Toxic Spikes|p2a: Gholdengo
|-sidestart|p2: danprice|move: Toxic Spikes
|
|upkeep
|turn|2
|
|t:|1685921869
|move|p2a: Gholdengo|Shadow Ball|p1a: DaBaby
|-damage|p1a: DaBaby|62/100
|move|p1a: DaBaby|Toxic Spikes|p2a: Gholdengo
|-sidestart|p2: danprice|move: Toxic Spikes
|
|upkeep
|turn|3
|
|t:|1685921880
|switch|p2a: Cinderace|Cinderace, F|100/100
|switch|p1a: Karen|Blissey, F|100/100
|
|upkeep
|turn|4
|
|t:|1685921890
|switch|p1a: Gustavo Fring|Skeledirge, M|100/100
|move|p2a: Cinderace|Court Change|p2a: Cinderace
|-start|p2a: Cinderace|typechange|Normal|[from] ability: Libero
|-swapsideconditions
|-activate|p2a: Cinderace|move: Court Change
|
|upkeep
|turn|5
|l| calydon
|
|t:|1685921901
|move|p2a: Cinderace|U-turn|p1a: Gustavo Fring
|-resisted|p1a: Gustavo Fring
|-damage|p1a: Gustavo Fring|97/100
|j| calydon
|j| baibaiats
|l| calydon
|j| babyshark974
|j| HereForFrens
|
|t:|1685921913
|switch|p2a: Gholdengo|Gholdengo|100/100|[from] U-turn
|move|p1a: Gustavo Fring|Torch Song|p2a: Gholdengo
|-supereffective|p2a: Gholdengo
|-damage|p2a: Gholdengo|30/100
|-boost|p1a: Gustavo Fring|spa|1
|
|upkeep
|turn|6
|l| baibaiats
|
|t:|1685921922
|switch|p2a: Cinderace|Cinderace, F|100/100
|switch|p1a: DaBaby|Toxapex, M, shiny|95/100
|-sideend|p1: Granny Pie|move: Toxic Spikes|[of] p1a: DaBaby
|
|upkeep
|turn|7
|
|t:|1685921936
|switch|p2a: Gholdengo|Gholdengo|30/100
|move|p1a: DaBaby|Toxic Spikes|p2a: Gholdengo
|-sidestart|p2: danprice|move: Toxic Spikes
|
|upkeep
|turn|8
|
|t:|1685921938
|move|p2a: Gholdengo|Recover|p2a: Gholdengo
|-heal|p2a: Gholdengo|80/100
|move|p1a: DaBaby|Toxic Spikes|p2a: Gholdengo
|-sidestart|p2: danprice|move: Toxic Spikes
|
|upkeep
|turn|9
|
|t:|1685921955
|switch|p2a: Cinderace|Cinderace, F|100/100
|switch|p1a: Karen|Blissey, F|100/100
|
|upkeep
|turn|10
|j| BenGayOintment
|
|t:|1685921961
|switch|p1a: Gustavo Fring|Skeledirge, M|97/100
|move|p2a: Cinderace|Court Change|p2a: Cinderace
|-start|p2a: Cinderace|typechange|Normal|[from] ability: Libero
|-swapsideconditions
|-activate|p2a: Cinderace|move: Court Change
|
|upkeep
|turn|11
|l| HereForFrens
|
|t:|1685921972
|move|p2a: Cinderace|U-turn|p1a: Gustavo Fring
|-resisted|p1a: Gustavo Fring
|-damage|p1a: Gustavo Fring|94/100
|inactive|danprice has 120 seconds left.
|
|t:|1685921997
|switch|p2a: Urshifu|Urshifu-Rapid-Strike, M|100/100|[from] U-turn
|move|p1a: Gustavo Fring|Torch Song|p2a: Urshifu
|-resisted|p2a: Urshifu
|-damage|p2a: Urshifu|78/100
|-boost|p1a: Gustavo Fring|spa|1
|
|upkeep
|turn|12
|
|t:|1685922004
|switch|p1a: DaBaby|Toxapex, M, shiny|100/100
|-sideend|p1: Granny Pie|move: Toxic Spikes|[of] p1a: DaBaby
|move|p2a: Urshifu|Swords Dance|p2a: Urshifu
|-boost|p2a: Urshifu|atk|2
|
|upkeep
|turn|13
|
|t:|1685922009
|move|p2a: Urshifu|Swords Dance|p2a: Urshifu
|-boost|p2a: Urshifu|atk|2
|move|p1a: DaBaby|Toxic|p2a: Urshifu
|-status|p2a: Urshifu|tox
|
|-damage|p2a: Urshifu|71/100 tox|[from] psn
|upkeep
|turn|14
|
|t:|1685922032
|switch|p1a: Poppy|Drifblim, F|100/100
|move|p2a: Urshifu|Surging Strikes|p1a: Poppy
|-crit|p1a: Poppy
|-damage|p1a: Poppy|48/100
|-crit|p1a: Poppy
|-damage|p1a: Poppy|0 fnt
|faint|p1a: Poppy
|-hitcount|p1: Poppy|2
|
|-damage|p2a: Urshifu|59/100 tox|[from] psn
|upkeep
|
|t:|1685922046
|switch|p1a: Gustavo Fring|Skeledirge, M|94/100
|turn|15
|j| Kyurem
|
|t:|1685922058
|-terastallize|p1a: Gustavo Fring|Ghost
|move|p2a: Urshifu|Close Combat|p1a: Gustavo Fring
|-immune|p1a: Gustavo Fring
|move|p1a: Gustavo Fring|Hex|p2a: Urshifu
|-damage|p2a: Urshifu|0 fnt
|faint|p2a: Urshifu
|
|upkeep
|
|t:|1685922071
|switch|p2a: Gholdengo|Gholdengo|100/100
|turn|16
|
|t:|1685922081
|switch|p1a: DaBaby|Toxapex, M, shiny|100/100
|move|p2a: Gholdengo|Trick|p1a: DaBaby
|-activate|p2a: Gholdengo|move: Trick|[of] p1a: DaBaby
|-item|p1a: DaBaby|Choice Specs|[from] move: Trick
|-item|p2a: Gholdengo|Choice Scarf|[from] move: Trick
|
|upkeep
|turn|17
|c|☆Granny Pie|💀💀💀💀💀
|c|☆Granny Pie|Okay Zoro
|inactive|Granny Pie has 120 seconds left.
|
|t:|1685922115
|move|p2a: Gholdengo|Shadow Ball|p1a: DaBaby
|-damage|p1a: DaBaby|63/100
|move|p1a: DaBaby|Toxic Spikes|p2a: Gholdengo
|-sidestart|p2: danprice|move: Toxic Spikes
|
|upkeep
|turn|18
|
|t:|1685922121
|switch|p2a: Cinderace|Cinderace, F|100/100
|move|p1a: DaBaby|Toxic Spikes|p2a: Cinderace
|-sidestart|p2: danprice|move: Toxic Spikes
|
|upkeep
|turn|19
|
|t:|1685922127
|move|p2a: Cinderace|Court Change|p2a: Cinderace
|-start|p2a: Cinderace|typechange|Normal|[from] ability: Libero
|-swapsideconditions
|-activate|p2a: Cinderace|move: Court Change
|move|p1a: DaBaby|Toxic Spikes|p2a: Cinderace
|-sidestart|p2: danprice|move: Toxic Spikes
|
|upkeep
|turn|20
|
|t:|1685922140
|switch|p2a: Gholdengo|Gholdengo|80/100
|move|p1a: DaBaby|Toxic Spikes|p2a: Gholdengo
|-sidestart|p2: danprice|move: Toxic Spikes
|
|upkeep
|turn|21
|-message|danprice forfeited.
|
|win|Granny Pie
|raw|Granny Pie's rating: 1662 → 1687(+25 for winning)
|raw|danprice's rating: 1753 → 1728(-25 for losing)
|l|☆danprice
