|j|‽corvisaltaccount
|j|☆barosvk
|t:|1685915224
|gametype|singles
|player|p1|corvisaltaccount|iris-gen5bw2|1433
|player|p2|barosvk|170|1402
|teamsize|p1|6
|teamsize|p2|6
|gen|9
|tier|[Gen 9] OU
|rated|
|rule|Sleep Clause Mod: Limit one foe put to sleep
|rule|Species Clause: Limit one of each Pokémon
|rule|OHKO Clause: OHKO moves are banned
|rule|Evasion Items Clause: Evasion items are banned
|rule|Evasion Moves Clause: Evasion moves are banned
|rule|Endless Battle Clause: Forcing endless battles is banned
|rule|HP Percentage Mod: HP is shown in percentages
|clearpoke
|poke|p1|Hatterene, F|
|poke|p1|Ursaluna, M|
|poke|p1|Cresselia, F|
|poke|p1|Glastrier|
|poke|p1|Iron Hands|
|poke|p1|Magearna|
|poke|p2|Great Tusk|
|poke|p2|Kingambit, F|
|poke|p2|Walking Wake|
|poke|p2|Skeledirge, M|
|poke|p2|Torkoal, F|
|poke|p2|Gholdengo|
|teampreview
|inactive|Battle timer is ON: inactive players will automatically lose when time's up. (requested by corvisaltaccount)
|
|t:|1685915233
|start
|switch|p1a: Hatterene|Hatterene, F|100/100
|switch|p2a: Walking Wake|Walking Wake|100/100
|turn|1
|
|t:|1685915260
|-end|p2a: Walking Wake|Protosynthesis|[silent]
|switch|p2a: Gholdengo|Gholdengo|100/100
|move|p1a: Hatterene|Trick Room|p1a: Hatterene
|-fieldstart|move: Trick Room|[of] p1a: Hatterene
|
|upkeep
|turn|2
|
|t:|1685915285
|switch|p1a: Iron Hands|Iron Hands|100/100
|-enditem|p1a: Iron Hands|Booster Energy
|-activate|p1a: Iron Hands|ability: Quark Drive|[fromitem]
|-start|p1a: Iron Hands|quarkdriveatk
|move|p2a: Gholdengo|Shadow Ball|p1a: Iron Hands
|-damage|p1a: Iron Hands|68/100
|
|upkeep
|turn|3
|inactive|barosvk has 120 seconds left.
|
|t:|1685915308
|switch|p2a: Torkoal|Torkoal, F|100/100
|-weather|SunnyDay|[from] ability: Drought|[of] p2a: Torkoal
|move|p1a: Iron Hands|Swords Dance|p1a: Iron Hands
|-boost|p1a: Iron Hands|atk|2
|
|-weather|SunnyDay|[upkeep]
|upkeep
|turn|4
|
|t:|1685915311
|move|p2a: Torkoal|Lava Plume|p1a: Iron Hands
|-crit|p1a: Iron Hands
|-damage|p1a: Iron Hands|30/100
|-status|p1a: Iron Hands|brn
|move|p1a: Iron Hands|Drain Punch|p2a: Torkoal
|-damage|p2a: Torkoal|72/100
|-heal|p1a: Iron Hands|41/100 brn|[from] drain|[of] p2a: Torkoal
|
|-weather|SunnyDay|[upkeep]
|-damage|p1a: Iron Hands|35/100 brn|[from] brn
|upkeep
|turn|5
|
|t:|1685915316
|move|p2a: Torkoal|Lava Plume|p1a: Iron Hands
|-damage|p1a: Iron Hands|9/100 brn
|move|p1a: Iron Hands|Drain Punch|p2a: Torkoal
|-damage|p2a: Torkoal|44/100
|-heal|p1a: Iron Hands|19/100 brn|[from] drain|[of] p2a: Torkoal
|
|-weather|SunnyDay|[upkeep]
|-damage|p1a: Iron Hands|13/100 brn|[from] brn
|-fieldend|move: Trick Room
|upkeep
|turn|6
|
|t:|1685915319
|move|p1a: Iron Hands|Drain Punch|p2a: Torkoal
|-damage|p2a: Torkoal|13/100
|-heal|p1a: Iron Hands|24/100 brn|[from] drain|[of] p2a: Torkoal
|move|p2a: Torkoal|Lava Plume|p1a: Iron Hands
|-damage|p1a: Iron Hands|0 fnt
|faint|p1a: Iron Hands
|-end|p1a: Iron Hands|Quark Drive|[silent]
|
|-weather|SunnyDay|[upkeep]
|upkeep
|
|t:|1685915336
|switch|p1a: Hatterene|Hatterene, F|100/100
|turn|7
|
|t:|1685915344
|switch|p2a: Kingambit|Kingambit, F|100/100
|move|p1a: Hatterene|Trick Room|p1a: Hatterene
|-fieldstart|move: Trick Room|[of] p1a: Hatterene
|
|-weather|SunnyDay|[upkeep]
|upkeep
|turn|8
|
|t:|1685915349
|move|p1a: Hatterene|Dazzling Gleam|p2a: Kingambit
|-damage|p2a: Kingambit|54/100
|move|p2a: Kingambit|Iron Head|p1a: Hatterene
|-supereffective|p1a: Hatterene
|-enditem|p1a: Hatterene|Focus Sash
|-damage|p1a: Hatterene|1/100
|
|-weather|SunnyDay|[upkeep]
|upkeep
|turn|9
|
|t:|1685915353
|move|p2a: Kingambit|Sucker Punch|p1a: Hatterene
|-damage|p1a: Hatterene|0 fnt
|faint|p1a: Hatterene
|
|-weather|SunnyDay|[upkeep]
|upkeep
|
|t:|1685915363
|switch|p1a: Ursaluna|Ursaluna, M|100/100
|turn|10
|
|t:|1685915379
|-end|p2a: Kingambit|fallenundefined|[silent]
|switch|p2a: Great Tusk|Great Tusk|100/100
|-activate|p2a: Great Tusk|ability: Protosynthesis
|-start|p2a: Great Tusk|protosynthesisatk
|move|p1a: Ursaluna|Swords Dance|p1a: Ursaluna
|-boost|p1a: Ursaluna|atk|2
|
|-weather|none
|-end|p2a: Great Tusk|Protosynthesis
|-status|p1a: Ursaluna|brn|[from] item: Flame Orb
|upkeep
|turn|11
|
|t:|1685915383
|move|p1a: Ursaluna|Facade|p2a: Great Tusk
|-damage|p2a: Great Tusk|0 fnt
|-damage|p1a: Ursaluna|84/100 brn|[from] item: Rocky Helmet|[of] p2a: Great Tusk
|faint|p2a: Great Tusk
|-end|p2a: Great Tusk|Protosynthesis|[silent]
|
|-damage|p1a: Ursaluna|78/100 brn|[from] brn
|-fieldend|move: Trick Room
|upkeep
|
|t:|1685915389
|switch|p2a: Walking Wake|Walking Wake|100/100
|turn|12
|
|t:|1685915394
|-terastallize|p1a: Ursaluna|Normal
|move|p2a: Walking Wake|Hydro Steam|p1a: Ursaluna
|-damage|p1a: Ursaluna|20/100 brn
|move|p1a: Ursaluna|Drain Punch|p2a: Walking Wake
|-crit|p2a: Walking Wake
|-damage|p2a: Walking Wake|0 fnt
|-heal|p1a: Ursaluna|57/100 brn|[from] drain|[of] p2a: Walking Wake
|faint|p2a: Walking Wake
|-end|p2a: Walking Wake|Protosynthesis|[silent]
|
|-damage|p1a: Ursaluna|50/100 brn|[from] brn
|upkeep
|
|t:|1685915403
|switch|p2a: Skeledirge|Skeledirge, M|100/100
|turn|13
|
|t:|1685915406
|move|p2a: Skeledirge|Torch Song|p1a: Ursaluna
|-crit|p1a: Ursaluna
|-damage|p1a: Ursaluna|12/100 brn
|-boost|p2a: Skeledirge|spa|1
|move|p1a: Ursaluna|Earthquake|p2a: Skeledirge
|-supereffective|p2a: Skeledirge
|-damage|p2a: Skeledirge|0 fnt
|faint|p2a: Skeledirge
|
|-damage|p1a: Ursaluna|6/100 brn|[from] brn
|upkeep
|
|t:|1685915412
|switch|p2a: Gholdengo|Gholdengo|100/100
|turn|14
|
|t:|1685915418
|switch|p1a: Cresselia|Cresselia, F|100/100
|move|p2a: Gholdengo|Shadow Ball|p1a: Cresselia
|-supereffective|p1a: Cresselia
|-damage|p1a: Cresselia|59/100
|
|-heal|p1a: Cresselia|65/100|[from] item: Leftovers
|upkeep
|turn|15
|
|t:|1685915422
|move|p2a: Gholdengo|Shadow Ball|p1a: Cresselia
|-supereffective|p1a: Cresselia
|-damage|p1a: Cresselia|21/100
|move|p1a: Cresselia|Trick Room|p1a: Cresselia
|-fieldstart|move: Trick Room|[of] p1a: Cresselia
|
|-heal|p1a: Cresselia|28/100|[from] item: Leftovers
|upkeep
|turn|16
|
|t:|1685915424
|move|p1a: Cresselia|Lunar Dance|p1a: Cresselia
|faint|p1a: Cresselia
|move|p2a: Gholdengo|Shadow Ball|p1: Cresselia|[notarget]
|-fail|p2a: Gholdengo
|
|upkeep
|
|t:|1685915428
|switch|p1a: Ursaluna|Ursaluna, M, tera:Normal|6/100 brn
|-heal|p1a: Ursaluna|100/100|[from] move: Lunar Dance
|turn|17
|-message|barosvk forfeited.
|
|win|corvisaltaccount
|raw|corvisaltaccount's rating: 1433 → 1451(+18 for winning)
|raw|barosvk's rating: 1402 → 1384(-18 for losing)
|l|☆barosvk
