|j|☆yiyiha
|j|☆li dream
|t:|1685874206
|gametype|singles
|player|p1|yiyiha|265|1594
|player|p2|li dream|170|1658
|teamsize|p1|6
|teamsize|p2|6
|gen|9
|tier|[Gen 9] OU
|rated|
|rule|Sleep Clause Mod: Limit one foe put to sleep
|rule|Species Clause: Limit one of each Pokémon
|rule|OHKO Clause: OHKO moves are banned
|rule|Evasion Items Clause: Evasion items are banned
|rule|Evasion Moves Clause: Evasion moves are banned
|rule|Endless Battle Clause: Forcing endless battles is banned
|rule|HP Percentage Mod: HP is shown in percentages
|clearpoke
|poke|p1|Chien-Pao|
|poke|p1|Breloom, F|
|poke|p1|Baxcalibur, M|
|poke|p1|Great Tusk|
|poke|p1|Magearna|
|poke|p1|Zamazenta-*|
|poke|p2|Dragapult, M|
|poke|p2|Zapdos|
|poke|p2|Great Tusk|
|poke|p2|Heatran, M|
|poke|p2|Chien-Pao|
|poke|p2|Magearna|
|teampreview
|inactive|Battle timer is ON: inactive players will automatically lose when time's up. (requested by li dream)
|
|t:|1685874228
|start
|switch|p1a: Breloom|Breloom, F|100/100
|switch|p2a: Dragapult|Dragapult, M|100/100
|turn|1
|
|t:|1685874234
|move|p2a: Dragapult|Will-O-Wisp|p1a: Breloom|[miss]
|-miss|p2a: Dragapult|p1a: Breloom
|move|p1a: Breloom|Spore|p2a: Dragapult
|-status|p2a: Dragapult|slp|[from] move: Spore
|
|upkeep
|turn|2
|
|t:|1685874240
|switch|p2a: Zapdos|Zapdos|100/100
|move|p1a: Breloom|Bullet Seed|p2a: Zapdos
|-resisted|p2a: Zapdos
|-damage|p2a: Zapdos|93/100
|-resisted|p2a: Zapdos
|-damage|p2a: Zapdos|85/100
|-resisted|p2a: Zapdos
|-damage|p2a: Zapdos|77/100
|-resisted|p2a: Zapdos
|-damage|p2a: Zapdos|69/100
|-resisted|p2a: Zapdos
|-damage|p2a: Zapdos|62/100
|-hitcount|p2a: Zapdos|5
|
|upkeep
|turn|3
|
|t:|1685874254
|move|p1a: Breloom|Bullet Seed|p2a: Zapdos
|-resisted|p2a: Zapdos
|-damage|p2a: Zapdos|54/100
|-resisted|p2a: Zapdos
|-damage|p2a: Zapdos|47/100
|-resisted|p2a: Zapdos
|-damage|p2a: Zapdos|40/100
|-resisted|p2a: Zapdos
|-damage|p2a: Zapdos|31/100
|-resisted|p2a: Zapdos
|-damage|p2a: Zapdos|24/100
|-hitcount|p2a: Zapdos|5
|move|p2a: Zapdos|Volt Switch|p1a: Breloom
|-resisted|p1a: Breloom
|-damage|p1a: Breloom|71/100
|
|t:|1685874257
|switch|p2a: Great Tusk|Great Tusk|100/100|[from] Volt Switch
|
|upkeep
|turn|4
|
|t:|1685874266
|-end|p2a: Great Tusk|Protosynthesis|[silent]
|switch|p2a: Heatran|Heatran, M|100/100
|move|p1a: Breloom|Bullet Seed|p2a: Heatran
|-resisted|p2a: Heatran
|-damage|p2a: Heatran|96/100
|-resisted|p2a: Heatran
|-damage|p2a: Heatran|91/100
|-resisted|p2a: Heatran
|-damage|p2a: Heatran|87/100
|-resisted|p2a: Heatran
|-damage|p2a: Heatran|83/100
|-resisted|p2a: Heatran
|-damage|p2a: Heatran|78/100
|-hitcount|p2a: Heatran|5
|
|-heal|p2a: Heatran|85/100|[from] item: Leftovers
|upkeep
|turn|5
|
|t:|1685874280
|switch|p2a: Dragapult|Dragapult, M|100/100 slp
|move|p1a: Breloom|Bulldoze|p2a: Dragapult
|-damage|p2a: Dragapult|65/100 slp
|-unboost|p2a: Dragapult|spe|1
|
|upkeep
|turn|6
|
|t:|1685874284
|cant|p2a: Dragapult|slp
|move|p1a: Breloom|Bullet Seed|p2a: Dragapult
|-resisted|p2a: Dragapult
|-damage|p2a: Dragapult|55/100 slp
|-resisted|p2a: Dragapult
|-damage|p2a: Dragapult|43/100 slp
|-start|p1a: Breloom|Disable|Bullet Seed|[from] ability: Cursed Body|[of] p2a: Dragapult
|-resisted|p2a: Dragapult
|-damage|p2a: Dragapult|33/100 slp
|-resisted|p2a: Dragapult
|-damage|p2a: Dragapult|23/100 slp
|-resisted|p2a: Dragapult
|-damage|p2a: Dragapult|11/100 slp
|-hitcount|p2a: Dragapult|5
|
|upkeep
|turn|7
|
|t:|1685874288
|cant|p2a: Dragapult|slp
|move|p1a: Breloom|Bulldoze|p2a: Dragapult
|-damage|p2a: Dragapult|0 fnt
|faint|p2a: Dragapult
|
|upkeep
|
|t:|1685874291
|switch|p2a: Chien-Pao|Chien-Pao|100/100
|-ability|p2a: Chien-Pao|Sword of Ruin
|turn|8
|
|t:|1685874295
|move|p1a: Breloom|Mach Punch|p2a: Chien-Pao
|-supereffective|p2a: Chien-Pao
|-damage|p2a: Chien-Pao|0 fnt
|faint|p2a: Chien-Pao
|
|upkeep
|
|t:|1685874300
|switch|p2a: Zapdos|Zapdos|24/100
|turn|9
|
|t:|1685874303
|move|p1a: Breloom|Spore|p2a: Zapdos
|-status|p2a: Zapdos|slp|[from] move: Spore
|cant|p2a: Zapdos|slp
|
|-end|p1a: Breloom|Disable
|upkeep
|turn|10
|
|t:|1685874308
|switch|p2a: Magearna|Magearna|100/100
|move|p1a: Breloom|Bullet Seed|p2a: Magearna
|-resisted|p2a: Magearna
|-damage|p2a: Magearna|90/100
|-resisted|p2a: Magearna
|-damage|p2a: Magearna|79/100
|-resisted|p2a: Magearna
|-damage|p2a: Magearna|69/100
|-resisted|p2a: Magearna
|-damage|p2a: Magearna|60/100
|-resisted|p2a: Magearna
|-damage|p2a: Magearna|49/100
|-hitcount|p2a: Magearna|5
|
|-heal|p2a: Magearna|55/100|[from] item: Leftovers
|upkeep
|turn|11
|
|t:|1685874312
|move|p1a: Breloom|Bulldoze|p2a: Magearna
|-supereffective|p2a: Magearna
|-damage|p2a: Magearna|0 fnt
|faint|p2a: Magearna
|
|upkeep
|-message|li dream forfeited.
|
|win|yiyiha
|raw|yiyiha's rating: 1594 → 1618(+24 for winning)
|raw|li dream's rating: 1658 → 1634(-24 for losing)
|l|☆li dream
