|j|☆CFK Kuroh
|j|☆Murray69
|t:|1685886450
|gametype|singles
|player|p1|CFK Kuroh|dancer|1201
|player|p2|Murray69|cynthia-gen7|1272
|teamsize|p1|6
|teamsize|p2|6
|gen|9
|tier|[Gen 9] OU
|rated|
|rule|Sleep Clause Mod: Limit one foe put to sleep
|rule|Species Clause: Limit one of each Pokémon
|rule|OHKO Clause: OHKO moves are banned
|rule|Evasion Items Clause: Evasion items are banned
|rule|Evasion Moves Clause: Evasion moves are banned
|rule|Endless Battle Clause: Forcing endless battles is banned
|rule|HP Percentage Mod: HP is shown in percentages
|clearpoke
|poke|p1|Breloom, M|
|poke|p1|Corviknight, M|
|poke|p1|Great Tusk|
|poke|p1|Samurott-Hisui, M|
|poke|p1|Goodra-Hisui, F|
|poke|p1|Kleavor, M|
|poke|p2|Magearna|
|poke|p2|Amoonguss, F|
|poke|p2|Great Tusk|
|poke|p2|Chien-Pao|
|poke|p2|Garganacl, F|
|poke|p2|Gholdengo|
|teampreview
|inactive|Battle timer is ON: inactive players will automatically lose when time's up. (requested by Murray69)
|
|t:|1685886479
|start
|switch|p1a: Samurott|Samurott-Hisui, M|100/100
|switch|p2a: Great Tusk|Great Tusk|100/100
|turn|1
|
|t:|1685886507
|switch|p1a: Corviknight|Corviknight, M|100/100
|-ability|p1a: Corviknight|Pressure
|-end|p2a: Great Tusk|Protosynthesis|[silent]
|switch|p2a: Amoonguss|Amoonguss, F|100/100
|
|upkeep
|turn|2
|inactive|Murray69 has 120 seconds left.
|inactive|CFK Kuroh has 120 seconds left.
|
|t:|1685886542
|move|p1a: Corviknight|Brave Bird|p2a: Amoonguss
|-supereffective|p2a: Amoonguss
|-damage|p2a: Amoonguss|38/100
|-damage|p1a: Corviknight|84/100|[from] item: Rocky Helmet|[of] p2a: Amoonguss
|-damage|p1a: Corviknight|61/100|[from] Recoil
|move|p2a: Amoonguss|Spore|p1a: Corviknight
|-status|p1a: Corviknight|slp|[from] move: Spore
|
|upkeep
|turn|3
|inactive|CFK Kuroh has 120 seconds left.
|inactive|Murray69 has 120 seconds left.
|
|t:|1685886559
|switch|p1a: Kleavor|Kleavor, M|100/100
|switch|p2a: Magearna|Magearna|100/100
|
|upkeep
|turn|4
|inactive|CFK Kuroh has 120 seconds left.
|
|t:|1685886574
|move|p1a: Kleavor|U-turn|p2a: Magearna
|-resisted|p2a: Magearna
|-damage|p2a: Magearna|92/100
|
|t:|1685886578
|switch|p1a: Great Tusk|Great Tusk|100/100|[from] U-turn
|move|p2a: Magearna|Agility|p2a: Magearna
|-boost|p2a: Magearna|spe|2
|
|-heal|p2a: Magearna|98/100|[from] item: Leftovers
|upkeep
|turn|5
|inactive|Murray69 has 120 seconds left.
|
|t:|1685886587
|-terastallize|p2a: Magearna|Water
|-terastallize|p1a: Great Tusk|Water
|move|p2a: Magearna|Calm Mind|p2a: Magearna
|-boost|p2a: Magearna|spa|1
|-boost|p2a: Magearna|spd|1
|move|p1a: Great Tusk|Earthquake|p2a: Magearna
|-damage|p2a: Magearna|43/100
|
|-heal|p2a: Magearna|49/100|[from] item: Leftovers
|upkeep
|turn|6
|
|t:|1685886600
|move|p2a: Magearna|Draining Kiss|p1a: Great Tusk
|-damage|p1a: Great Tusk|42/100
|-heal|p2a: Magearna|100/100|[from] drain|[of] p1a: Great Tusk
|move|p1a: Great Tusk|Earthquake|p2a: Magearna
|-damage|p2a: Magearna|49/100
|
|-heal|p2a: Magearna|55/100|[from] item: Leftovers
|-heal|p1a: Great Tusk|48/100|[from] item: Leftovers
|upkeep
|turn|7
|
|t:|1685886619
|move|p2a: Magearna|Draining Kiss|p1a: Great Tusk
|-damage|p1a: Great Tusk|0 fnt
|-heal|p2a: Magearna|99/100|[from] drain|[of] p1a: Great Tusk
|faint|p1a: Great Tusk
|-ability|p2a: Magearna|Soul-Heart|boost
|-boost|p2a: Magearna|spa|1
|-end|p1a: Great Tusk|Protosynthesis|[silent]
|
|-heal|p2a: Magearna|100/100|[from] item: Leftovers
|upkeep
|
|t:|1685886621
|switch|p1a: Kleavor|Kleavor, M|100/100
|turn|8
|inactive|Murray69 has 120 seconds left.
|
|t:|1685886651
|move|p2a: Magearna|Ice Beam|p1a: Kleavor
|-damage|p1a: Kleavor|0 fnt
|faint|p1a: Kleavor
|-ability|p2a: Magearna|Soul-Heart|boost
|-boost|p2a: Magearna|spa|1
|
|upkeep
|
|t:|1685886663
|switch|p1a: Goodra|Goodra-Hisui, F|100/100
|turn|9
|
|t:|1685886669
|move|p2a: Magearna|Draining Kiss|p1a: Goodra
|-damage|p1a: Goodra|57/100
|-ability|p1a: Goodra|Gooey
|-unboost|p2a: Magearna|spe|1
|move|p1a: Goodra|Body Press|p2a: Magearna
|-damage|p2a: Magearna|81/100
|
|-heal|p2a: Magearna|87/100|[from] item: Leftovers
|-heal|p1a: Goodra|63/100|[from] item: Leftovers
|upkeep
|turn|10
|
|t:|1685886676
|move|p2a: Magearna|Calm Mind|p2a: Magearna
|-boost|p2a: Magearna|spa|1
|-boost|p2a: Magearna|spd|1
|move|p1a: Goodra|Body Press|p2a: Magearna
|-damage|p2a: Magearna|70/100
|
|-heal|p2a: Magearna|76/100|[from] item: Leftovers
|-heal|p1a: Goodra|69/100|[from] item: Leftovers
|upkeep
|turn|11
|-message|CFK Kuroh forfeited.
|
|win|Murray69
|raw|CFK Kuroh's rating: 1201 → 1181(-20 for losing)
|raw|Murray69's rating: 1272 → 1292(+20 for winning)
|l|☆CFK Kuroh
