|j|☆Arde Showdown
|j|☆jdyal
|t:|1685825645
|gametype|singles
|player|p1|Arde Showdown|erika|1189
|player|p2|jdyal|blackbelt|1116
|teamsize|p1|6
|teamsize|p2|6
|gen|9
|tier|[Gen 9] OU
|rated|
|rule|Sleep Clause Mod: Limit one foe put to sleep
|rule|Species Clause: Limit one of each Pokémon
|rule|OHKO Clause: OHKO moves are banned
|rule|Evasion Items Clause: Evasion items are banned
|rule|Evasion Moves Clause: Evasion moves are banned
|rule|Endless Battle Clause: Forcing endless battles is banned
|rule|HP Percentage Mod: HP is shown in percentages
|clearpoke
|poke|p1|Lilligant-Hisui, F|
|poke|p1|Torkoal, M|
|poke|p1|Arcanine-Hisui, F|
|poke|p1|Walking Wake|
|poke|p1|Clodsire, F|
|poke|p1|Gholdengo|
|poke|p2|Kleavor, M|
|poke|p2|Enamorus, F|
|poke|p2|Samurott-Hisui, F|
|poke|p2|Ursaluna, F|
|poke|p2|Gholdengo|
|poke|p2|Goodra-Hisui, F|
|teampreview
|
|t:|1685825653
|start
|switch|p1a: Walking Wake|Walking Wake|100/100
|switch|p2a: Gholdengo|Gholdengo|100/100
|-enditem|p1a: Walking Wake|Booster Energy
|-activate|p1a: Walking Wake|ability: Protosynthesis|[fromitem]
|-start|p1a: Walking Wake|protosynthesisspe
|turn|1
|inactive|Battle timer is ON: inactive players will automatically lose when time's up. (requested by jdyal)
|
|t:|1685825661
|move|p1a: Walking Wake|Flamethrower|p2a: Gholdengo
|-supereffective|p2a: Gholdengo
|-damage|p2a: Gholdengo|33/100
|-status|p2a: Gholdengo|brn
|move|p2a: Gholdengo|Trick|p1a: Walking Wake
|-activate|p2a: Gholdengo|move: Trick|[of] p1a: Walking Wake
|-item|p1a: Walking Wake|Choice Scarf|[from] move: Trick
|-enditem|p2a: Gholdengo|Choice Scarf|[silent]|[from] move: Trick
|
|-damage|p2a: Gholdengo|27/100 brn|[from] brn
|upkeep
|turn|2
|c|☆jdyal|Omg
|
|t:|1685825676
|move|p1a: Walking Wake|Flamethrower|p2a: Gholdengo
|-supereffective|p2a: Gholdengo
|-damage|p2a: Gholdengo|0 fnt
|faint|p2a: Gholdengo
|
|upkeep
|
|t:|1685825682
|switch|p2a: Samurott|Samurott-Hisui, F, shiny|100/100
|turn|3
|
|t:|1685825687
|-end|p1a: Walking Wake|Protosynthesis|[silent]
|switch|p1a: Clodsire|Clodsire, F|100/100
|move|p2a: Samurott|Ceaseless Edge|p1a: Clodsire
|-damage|p1a: Clodsire|54/100
|-sidestart|p1: Arde Showdown|Spikes
|
|-heal|p1a: Clodsire|60/100|[from] item: Black Sludge
|upkeep
|turn|4
|
|t:|1685825702
|switch|p1a: Torkoal|Torkoal, M|100/100
|-damage|p1a: Torkoal|88/100|[from] Spikes
|-weather|SunnyDay|[from] ability: Drought|[of] p1a: Torkoal
|move|p2a: Samurott|Ceaseless Edge|p1a: Torkoal
|-damage|p1a: Torkoal|56/100
|-sidestart|p1: Arde Showdown|Spikes
|
|-weather|SunnyDay|[upkeep]
|upkeep
|turn|5
|
|t:|1685825722
|move|p2a: Samurott|Aqua Cutter|p1a: Torkoal
|-supereffective|p1a: Torkoal
|-damage|p1a: Torkoal|24/100
|move|p1a: Torkoal|Rapid Spin|p2a: Samurott
|-damage|p2a: Samurott|89/100
|-boost|p1a: Torkoal|spe|1
|-sideend|p1: Arde Showdown|Spikes|[from] move: Rapid Spin|[of] p1a: Torkoal
|
|-weather|SunnyDay|[upkeep]
|upkeep
|turn|6
|
|t:|1685825740
|switch|p1a: Walking Wake|Walking Wake|100/100
|-activate|p1a: Walking Wake|ability: Protosynthesis
|-start|p1a: Walking Wake|protosynthesisspe
|move|p2a: Samurott|Ceaseless Edge|p1a: Walking Wake
|-damage|p1a: Walking Wake|55/100
|-sidestart|p1: Arde Showdown|Spikes
|
|-weather|SunnyDay|[upkeep]
|upkeep
|turn|7
|
|t:|1685825754
|move|p1a: Walking Wake|Draco Meteor|p2a: Samurott
|-damage|p2a: Samurott|22/100
|-unboost|p1a: Walking Wake|spa|2
|move|p2a: Samurott|Ceaseless Edge|p1a: Walking Wake
|-damage|p1a: Walking Wake|8/100
|-sidestart|p1: Arde Showdown|Spikes
|
|-weather|SunnyDay|[upkeep]
|upkeep
|turn|8
|
|t:|1685825765
|move|p1a: Walking Wake|Draco Meteor|p2a: Samurott
|-damage|p2a: Samurott|0 fnt
|-unboost|p1a: Walking Wake|spa|2
|faint|p2a: Samurott
|
|-weather|SunnyDay|[upkeep]
|upkeep
|inactive|jdyal has 120 seconds left.
|inactive|jdyal has 90 seconds left.
|
|t:|1685825818
|switch|p2a: Goodra|Goodra-Hisui, F, shiny|100/100
|turn|9
|inactive|jdyal has 90 seconds left.
|
|t:|1685825848
|move|p1a: Walking Wake|Draco Meteor|p2a: Goodra
|-damage|p2a: Goodra|85/100
|-unboost|p1a: Walking Wake|spa|2
|move|p2a: Goodra|Dragon Pulse|p1a: Walking Wake
|-supereffective|p1a: Walking Wake
|-crit|p1a: Walking Wake
|-damage|p1a: Walking Wake|0 fnt
|faint|p1a: Walking Wake
|-end|p1a: Walking Wake|Protosynthesis|[silent]
|
|-weather|SunnyDay|[upkeep]
|upkeep
|
|t:|1685825854
|switch|p1a: Arcanine|Arcanine-Hisui, F|100/100
|-damage|p1a: Arcanine|84/100|[from] Spikes
|turn|10
|
|t:|1685825865
|move|p1a: Arcanine|Flare Blitz|p2a: Goodra
|-damage|p2a: Goodra|0 fnt
|faint|p2a: Goodra
|
|-weather|SunnyDay|[upkeep]
|upkeep
|
|t:|1685825877
|switch|p2a: Kleavor|Kleavor, M, shiny|100/100
|turn|11
|
|t:|1685825880
|move|p1a: Arcanine|Flare Blitz|p2a: Kleavor
|-damage|p2a: Kleavor|0 fnt
|faint|p2a: Kleavor
|
|-weather|none
|upkeep
|inactive|jdyal has 60 seconds left.
|
|t:|1685825907
|switch|p2a: Ursaluna|Ursaluna, F, shiny|100/100
|turn|12
|
|t:|1685825913
|move|p1a: Arcanine|Flare Blitz|p2a: Ursaluna
|-damage|p2a: Ursaluna|59/100
|move|p2a: Ursaluna|Earthquake|p1a: Arcanine
|-supereffective|p1a: Arcanine
|-damage|p1a: Arcanine|0 fnt
|faint|p1a: Arcanine
|
|-status|p2a: Ursaluna|brn|[from] item: Flame Orb
|upkeep
|
|t:|1685825920
|switch|p1a: Torkoal|Torkoal, M|24/100
|-damage|p1a: Torkoal|8/100|[from] Spikes
|-weather|SunnyDay|[from] ability: Drought|[of] p1a: Torkoal
|turn|13
|
|t:|1685825928
|move|p2a: Ursaluna|Facade|p1a: Torkoal
|-damage|p1a: Torkoal|0 fnt
|faint|p1a: Torkoal
|
|-weather|SunnyDay|[upkeep]
|-damage|p2a: Ursaluna|53/100 brn|[from] brn
|upkeep
|
|t:|1685825933
|switch|p1a: Lilligant|Lilligant-Hisui, F|100/100
|-damage|p1a: Lilligant|84/100|[from] Spikes
|turn|14
|
|t:|1685825955
|move|p1a: Lilligant|Leaf Blade|p2a: Ursaluna
|-supereffective|p2a: Ursaluna
|-damage|p2a: Ursaluna|0 fnt
|faint|p2a: Ursaluna
|
|-weather|SunnyDay|[upkeep]
|upkeep
|-message|jdyal forfeited.
|
|win|Arde Showdown
|raw|Arde Showdown's rating: 1189 → 1209(+20 for winning)
|raw|jdyal's rating: 1116 → 1096(-20 for losing)
|l|☆jdyal
