|inactive|Battle timer is ON: inactive players will automatically lose when time's up.
|t:|1685818944
|gametype|singles
|player|p1|tamahome|#splxivscooters|
|player|p2|fartballs45|boarder|
|teamsize|p1|6
|teamsize|p2|6
|gen|9
|tier|[Gen 9] OU
|rule|Sleep Clause Mod: Limit one foe put to sleep
|rule|Species Clause: Limit one of each Pokémon
|rule|OHKO Clause: OHKO moves are banned
|rule|Evasion Items Clause: Evasion items are banned
|rule|Evasion Moves Clause: Evasion moves are banned
|rule|Endless Battle Clause: Forcing endless battles is banned
|rule|HP Percentage Mod: HP is shown in percentages
|clearpoke
|poke|p1|Slowking, F|
|poke|p1|Corviknight, F|
|poke|p1|Great Tusk|
|poke|p1|Dragapult, F|
|poke|p1|Skeledirge, M|
|poke|p1|Kingambit, F|
|poke|p2|Toxapex, F|
|poke|p2|Corviknight, M|
|poke|p2|Dragapult, M|
|poke|p2|Kingambit, F|
|poke|p2|Great Tusk|
|poke|p2|Iron Valiant|
|teampreview
|inactive|fartballs45 also wants the timer to be on.
|c|☆tamahome|gl hf
|c|☆fartballs45|u2
|c|%a1012|wcop?
|inactive|tamahome has 270 seconds left.
|inactive|fartballs45 has 270 seconds left.
|c|☆fartballs45|Yeah.
|raw|Moderated chat was set to ☆!Only users of rank ☆ and higher can talk.
|inactive|tamahome has 240 seconds left.
|inactive|fartballs45 has 240 seconds left.
|
|t:|1685819033
|start
|switch|p1a: Slowking|Slowking, F|100/100
|switch|p2a: Corviknight|Corviknight, M|100/100
|-ability|p2a: Corviknight|Pressure
|turn|1
|inactive|fartballs45 has 270 seconds left.
|
|t:|1685819054
|move|p2a: Corviknight|U-turn|p1a: Slowking
|-supereffective|p1a: Slowking
|-damage|p1a: Slowking|67/100
|inactive|fartballs45 has 270 seconds left.
|
|t:|1685819065
|switch|p2a: Toxapex|Toxapex, F|100/100|[from] U-turn
|move|p1a: Slowking|Surf|p2a: Toxapex
|-resisted|p2a: Toxapex
|-crit|p2a: Toxapex
|-damage|p2a: Toxapex|83/100
|
|upkeep
|turn|2
|inactive|fartballs45 has 270 seconds left.
|
|t:|1685819076
|move|p2a: Toxapex|Sludge Bomb|p1a: Slowking
|-damage|p1a: Slowking|50/100
|-status|p1a: Slowking|psn
|move|p1a: Slowking|Psychic|p2a: Toxapex
|-supereffective|p2a: Toxapex
|-damage|p2a: Toxapex|33/100
|
|-damage|p1a: Slowking|38/100 psn|[from] psn
|upkeep
|turn|3
|inactive|fartballs45 has 270 seconds left.
|
|t:|1685819093
|switch|p2a: Corviknight|Corviknight, M|100/100
|-ability|p2a: Corviknight|Pressure
|move|p1a: Slowking|Ice Beam|p2a: Corviknight
|-damage|p2a: Corviknight|71/100
|
|-damage|p1a: Slowking|26/100 psn|[from] psn
|upkeep
|turn|4
|inactive|fartballs45 has 270 seconds left.
|
|t:|1685819103
|switch|p1a: Great Tusk|Great Tusk|100/100
|move|p2a: Corviknight|Roost|p2a: Corviknight
|-heal|p2a: Corviknight|100/100
|-singleturn|p2a: Corviknight|move: Roost
|
|upkeep
|turn|5
|
|t:|1685819109
|move|p1a: Great Tusk|Stealth Rock|p2a: Corviknight
|-sidestart|p2: fartballs45|move: Stealth Rock
|move|p2a: Corviknight|U-turn|p1a: Great Tusk
|-resisted|p1a: Great Tusk
|-damage|p1a: Great Tusk|97/100
|
|t:|1685819112
|switch|p2a: Great Tusk|Great Tusk|100/100|[from] U-turn
|-damage|p2a: Great Tusk|98/100|[from] Stealth Rock
|
|-heal|p2a: Great Tusk|100/100|[from] item: Leftovers
|-heal|p1a: Great Tusk|100/100|[from] item: Leftovers
|upkeep
|turn|6
|
|t:|1685819120
|move|p2a: Great Tusk|Stealth Rock|p1a: Great Tusk
|-sidestart|p1: tamahome|move: Stealth Rock
|move|p1a: Great Tusk|Knock Off|p2a: Great Tusk
|-resisted|p2a: Great Tusk
|-damage|p2a: Great Tusk|93/100
|-enditem|p2a: Great Tusk|Leftovers|[from] move: Knock Off|[of] p1a: Great Tusk
|
|upkeep
|turn|7
|
|t:|1685819128
|-end|p1a: Great Tusk|Protosynthesis|[silent]
|switch|p1a: Corviknight|Corviknight, F|100/100
|-damage|p1a: Corviknight|88/100|[from] Stealth Rock
|-ability|p1a: Corviknight|Pressure
|move|p2a: Great Tusk|Knock Off|p1a: Corviknight
|-damage|p1a: Corviknight|71/100
|-enditem|p1a: Corviknight|Leftovers|[from] move: Knock Off|[of] p2a: Great Tusk
|
|upkeep
|turn|8
|
|t:|1685819133
|move|p2a: Great Tusk|Rapid Spin|p1a: Corviknight
|-resisted|p1a: Corviknight
|-damage|p1a: Corviknight|67/100
|-boost|p2a: Great Tusk|spe|1
|-sideend|p2: fartballs45|Stealth Rock|[from] move: Rapid Spin|[of] p2a: Great Tusk
|move|p1a: Corviknight|Defog|p2a: Great Tusk
|-unboost|p2a: Great Tusk|evasion|1
|-sideend|p1: tamahome|Stealth Rock|[from] move: Defog|[of] p1a: Corviknight
|
|upkeep
|turn|9
|
|t:|1685819138
|-end|p2a: Great Tusk|Protosynthesis|[silent]
|switch|p2a: Corviknight|Corviknight, M|100/100
|-ability|p2a: Corviknight|Pressure
|move|p1a: Corviknight|Roost|p1a: Corviknight
|-heal|p1a: Corviknight|100/100
|-singleturn|p1a: Corviknight|move: Roost
|
|upkeep
|turn|10
|
|t:|1685819142
|switch|p1a: Great Tusk|Great Tusk|100/100
|move|p2a: Corviknight|U-turn|p1a: Great Tusk
|-resisted|p1a: Great Tusk
|-damage|p1a: Great Tusk|97/100
|
|t:|1685819150
|switch|p2a: Great Tusk|Great Tusk|93/100|[from] U-turn
|
|-heal|p1a: Great Tusk|100/100|[from] item: Leftovers
|upkeep
|turn|11
|
|t:|1685819155
|-end|p1a: Great Tusk|Protosynthesis|[silent]
|switch|p1a: Corviknight|Corviknight, F|100/100
|-ability|p1a: Corviknight|Pressure
|move|p2a: Great Tusk|Knock Off|p1a: Corviknight
|-damage|p1a: Corviknight|89/100
|
|upkeep
|turn|12
|
|t:|1685819163
|move|p2a: Great Tusk|Stealth Rock|p1a: Corviknight
|-sidestart|p1: tamahome|move: Stealth Rock
|move|p1a: Corviknight|Brave Bird|p2a: Great Tusk
|-supereffective|p2a: Great Tusk
|-damage|p2a: Great Tusk|60/100
|-damage|p1a: Corviknight|77/100|[from] Recoil
|
|upkeep
|turn|13
|
|t:|1685819170
|-end|p2a: Great Tusk|Protosynthesis|[silent]
|switch|p2a: Dragapult|Dragapult, M|100/100
|move|p1a: Corviknight|Defog|p2a: Dragapult
|-unboost|p2a: Dragapult|evasion|1
|-sideend|p1: tamahome|Stealth Rock|[from] move: Defog|[of] p1a: Corviknight
|
|upkeep
|turn|14
|
|t:|1685819192
|move|p2a: Dragapult|Substitute|p2a: Dragapult
|-start|p2a: Dragapult|Substitute
|-damage|p2a: Dragapult|76/100
|move|p1a: Corviknight|U-turn|p2a: Dragapult
|-resisted|p2a: Dragapult
|-activate|p2a: Dragapult|move: Substitute|[damage]
|
|t:|1685819195
|switch|p1a: Dragapult|Dragapult, F|100/100|[from] U-turn
|
|-heal|p2a: Dragapult|82/100|[from] item: Leftovers
|upkeep
|turn|15
|
|t:|1685819214
|switch|p2a: Kingambit|Kingambit, F|100/100
|move|p1a: Dragapult|Shadow Ball|p2a: Kingambit
|-resisted|p2a: Kingambit
|-damage|p2a: Kingambit|75/100
|
|-heal|p2a: Kingambit|82/100|[from] item: Leftovers
|upkeep
|turn|16
|
|t:|1685819231
|switch|p1a: Great Tusk|Great Tusk|100/100
|-end|p2a: Kingambit|fallenundefined|[silent]
|switch|p2a: Corviknight|Corviknight, M|100/100
|-ability|p2a: Corviknight|Pressure
|
|upkeep
|turn|17
|inactive|fartballs45 has 270 seconds left.
|
|t:|1685819265
|switch|p2a: Great Tusk|Great Tusk|60/100
|move|p1a: Great Tusk|Knock Off|p2a: Great Tusk
|-resisted|p2a: Great Tusk
|-damage|p2a: Great Tusk|56/100
|
|upkeep
|turn|18
|inactive|fartballs45 has 270 seconds left.
|
|t:|1685819270
|-end|p1a: Great Tusk|Protosynthesis|[silent]
|switch|p1a: Corviknight|Corviknight, F|77/100
|-ability|p1a: Corviknight|Pressure
|move|p2a: Great Tusk|Knock Off|p1a: Corviknight
|-damage|p1a: Corviknight|66/100
|
|upkeep
|turn|19
|
|t:|1685819280
|-end|p2a: Great Tusk|Protosynthesis|[silent]
|switch|p2a: Corviknight|Corviknight, M|100/100
|-ability|p2a: Corviknight|Pressure
|move|p1a: Corviknight|Roost|p1a: Corviknight
|-heal|p1a: Corviknight|100/100
|-singleturn|p1a: Corviknight|move: Roost
|
|upkeep
|turn|20
|
|t:|1685819284
|switch|p1a: Great Tusk|Great Tusk|100/100
|move|p2a: Corviknight|U-turn|p1a: Great Tusk
|-resisted|p1a: Great Tusk
|-damage|p1a: Great Tusk|97/100
|
|t:|1685819287
|switch|p2a: Great Tusk|Great Tusk|56/100|[from] U-turn
|
|-heal|p1a: Great Tusk|100/100|[from] item: Leftovers
|upkeep
|turn|21
|
|t:|1685819290
|-end|p1a: Great Tusk|Protosynthesis|[silent]
|switch|p1a: Corviknight|Corviknight, F|100/100
|-ability|p1a: Corviknight|Pressure
|move|p2a: Great Tusk|Stealth Rock|p1a: Corviknight
|-sidestart|p1: tamahome|move: Stealth Rock
|
|upkeep
|turn|22
|
|t:|1685819299
|-end|p2a: Great Tusk|Protosynthesis|[silent]
|switch|p2a: Toxapex|Toxapex, F|66/100
|move|p1a: Corviknight|Defog|p2a: Toxapex
|-unboost|p2a: Toxapex|evasion|1
|-sideend|p1: tamahome|Stealth Rock|[from] move: Defog|[of] p1a: Corviknight
|
|upkeep
|turn|23
|
|t:|1685819317
|move|p1a: Corviknight|U-turn|p2a: Toxapex
|-resisted|p2a: Toxapex
|-damage|p2a: Toxapex|60/100
|
|t:|1685819327
|switch|p1a: Great Tusk|Great Tusk|100/100|[from] U-turn
|move|p2a: Toxapex|Surf|p1a: Great Tusk
|-supereffective|p1a: Great Tusk
|-damage|p1a: Great Tusk|24/100
|
|-heal|p1a: Great Tusk|31/100|[from] item: Leftovers
|upkeep
|turn|24
|
|t:|1685819341
|switch|p2a: Corviknight|Corviknight, M|100/100
|-ability|p2a: Corviknight|Pressure
|move|p1a: Great Tusk|Stealth Rock|p2a: Corviknight
|-sidestart|p2: fartballs45|move: Stealth Rock
|
|-heal|p1a: Great Tusk|37/100|[from] item: Leftovers
|upkeep
|turn|25
|
|t:|1685819349
|-end|p1a: Great Tusk|Protosynthesis|[silent]
|switch|p1a: Dragapult|Dragapult, F|100/100
|move|p2a: Corviknight|U-turn|p1a: Dragapult
|-resisted|p1a: Dragapult
|-damage|p1a: Dragapult|91/100
|
|t:|1685819355
|switch|p2a: Toxapex|Toxapex, F|93/100|[from] U-turn
|-damage|p2a: Toxapex|80/100|[from] Stealth Rock
|
|upkeep
|turn|26
|
|t:|1685819368
|move|p1a: Dragapult|U-turn|p2a: Toxapex
|-resisted|p2a: Toxapex
|-damage|p2a: Toxapex|73/100
|
|t:|1685819370
|switch|p1a: Corviknight|Corviknight, F|100/100|[from] U-turn
|-ability|p1a: Corviknight|Pressure
|move|p2a: Toxapex|Infestation|p1a: Corviknight
|-resisted|p1a: Corviknight
|-damage|p1a: Corviknight|99/100
|-activate|p1a: Corviknight|move: Infestation|[of] p2a: Toxapex
|
|-damage|p1a: Corviknight|87/100|[from] move: Infestation|[partiallytrapped]
|upkeep
|turn|27
|
|t:|1685819384
|move|p1a: Corviknight|U-turn|p2a: Toxapex
|-resisted|p2a: Toxapex
|-damage|p2a: Toxapex|68/100
|
|t:|1685819387
|switch|p1a: Kingambit|Kingambit, F|100/100|[from] U-turn
|move|p2a: Toxapex|Surf|p1a: Kingambit
|-damage|p1a: Kingambit|68/100
|
|-heal|p1a: Kingambit|74/100|[from] item: Leftovers
|upkeep
|turn|28
|
|t:|1685819394
|switch|p2a: Corviknight|Corviknight, M|100/100
|-damage|p2a: Corviknight|88/100|[from] Stealth Rock
|-ability|p2a: Corviknight|Pressure
|move|p1a: Kingambit|Kowtow Cleave|p2a: Corviknight
|-damage|p2a: Corviknight|56/100
|-damage|p1a: Kingambit|57/100|[from] item: Rocky Helmet|[of] p2a: Corviknight
|
|-heal|p1a: Kingambit|63/100|[from] item: Leftovers
|upkeep
|turn|29
|
|t:|1685819403
|-end|p1a: Kingambit|fallenundefined|[silent]
|switch|p1a: Dragapult|Dragapult, F|91/100
|move|p2a: Corviknight|Roost|p2a: Corviknight
|-heal|p2a: Corviknight|100/100
|-singleturn|p2a: Corviknight|move: Roost
|
|upkeep
|turn|30
|
|t:|1685819411
|switch|p2a: Toxapex|Toxapex, F|100/100
|-damage|p2a: Toxapex|88/100|[from] Stealth Rock
|move|p1a: Dragapult|U-turn|p2a: Toxapex
|-resisted|p2a: Toxapex
|-damage|p2a: Toxapex|82/100
|
|t:|1685819415
|switch|p1a: Slowking|Slowking, F|59/100 psn|[from] U-turn
|
|-damage|p1a: Slowking|47/100 psn|[from] psn
|upkeep
|turn|31
|
|t:|1685819424
|switch|p2a: Kingambit|Kingambit, F|82/100
|-damage|p2a: Kingambit|75/100|[from] Stealth Rock
|switch|p1a: Corviknight|Corviknight, F|87/100
|-ability|p1a: Corviknight|Pressure
|
|-heal|p2a: Kingambit|82/100|[from] item: Leftovers
|upkeep
|turn|32
|
|t:|1685819441
|-end|p2a: Kingambit|fallenundefined|[silent]
|switch|p2a: Corviknight|Corviknight, M|100/100
|-damage|p2a: Corviknight|88/100|[from] Stealth Rock
|-ability|p2a: Corviknight|Pressure
|move|p1a: Corviknight|U-turn|p2a: Corviknight
|-resisted|p2a: Corviknight
|-damage|p2a: Corviknight|86/100
|-damage|p1a: Corviknight|71/100|[from] item: Rocky Helmet|[of] p2a: Corviknight
|
|t:|1685819454
|switch|p1a: Great Tusk|Great Tusk|37/100|[from] U-turn
|
|-heal|p1a: Great Tusk|43/100|[from] item: Leftovers
|upkeep
|turn|33
|
|t:|1685819465
|switch|p2a: Great Tusk|Great Tusk|56/100
|-damage|p2a: Great Tusk|53/100|[from] Stealth Rock
|move|p1a: Great Tusk|Earthquake|p2a: Great Tusk
|-damage|p2a: Great Tusk|32/100
|
|-heal|p1a: Great Tusk|49/100|[from] item: Leftovers
|upkeep
|turn|34
|
|t:|1685819476
|-end|p1a: Great Tusk|Protosynthesis|[silent]
|switch|p1a: Corviknight|Corviknight, F|71/100
|-ability|p1a: Corviknight|Pressure
|move|p2a: Great Tusk|Rapid Spin|p1a: Corviknight
|-resisted|p1a: Corviknight
|-damage|p1a: Corviknight|66/100
|-boost|p2a: Great Tusk|spe|1
|-sideend|p2: fartballs45|Stealth Rock|[from] move: Rapid Spin|[of] p2a: Great Tusk
|
|upkeep
|turn|35
|
|t:|1685819495
|-end|p2a: Great Tusk|Protosynthesis|[silent]
|switch|p2a: Dragapult|Dragapult, M|82/100
|move|p1a: Corviknight|Roost|p1a: Corviknight
|-heal|p1a: Corviknight|100/100
|-singleturn|p1a: Corviknight|move: Roost
|
|-heal|p2a: Dragapult|88/100|[from] item: Leftovers
|upkeep
|turn|36
|
|t:|1685819502
|move|p2a: Dragapult|Thunder Wave|p1a: Corviknight
|-status|p1a: Corviknight|par
|move|p1a: Corviknight|Brave Bird|p2a: Dragapult
|-damage|p2a: Dragapult|35/100
|-damage|p1a: Corviknight|87/100 par|[from] Recoil
|
|-heal|p2a: Dragapult|41/100|[from] item: Leftovers
|upkeep
|turn|37
|
|t:|1685819518
|switch|p2a: Corviknight|Corviknight, M|86/100
|-ability|p2a: Corviknight|Pressure
|switch|p1a: Great Tusk|Great Tusk|49/100
|
|-heal|p1a: Great Tusk|56/100|[from] item: Leftovers
|upkeep
|turn|38
|
|t:|1685819530
|move|p1a: Great Tusk|Knock Off|p2a: Corviknight
|-damage|p2a: Corviknight|68/100
|-damage|p1a: Great Tusk|39/100|[from] item: Rocky Helmet|[of] p2a: Corviknight
|-enditem|p2a: Corviknight|Rocky Helmet|[from] move: Knock Off|[of] p1a: Great Tusk
|move|p2a: Corviknight|U-turn|p1a: Great Tusk
|-resisted|p1a: Great Tusk
|-damage|p1a: Great Tusk|36/100
|inactive|fartballs45 has 270 seconds left.
|
|t:|1685819571
|switch|p2a: Great Tusk|Great Tusk|32/100|[from] U-turn
|
|-heal|p1a: Great Tusk|42/100|[from] item: Leftovers
|upkeep
|turn|39
|
|t:|1685819577
|-end|p1a: Great Tusk|Protosynthesis|[silent]
|switch|p1a: Corviknight|Corviknight, F|87/100 par
|-ability|p1a: Corviknight|Pressure
|move|p2a: Great Tusk|Stealth Rock|p1a: Corviknight
|-sidestart|p1: tamahome|move: Stealth Rock
|
|upkeep
|turn|40
|inactive|fartballs45 has 270 seconds left.
|
|t:|1685819587
|move|p2a: Great Tusk|Knock Off|p1a: Corviknight
|-damage|p1a: Corviknight|76/100 par
|move|p1a: Corviknight|Defog|p2a: Great Tusk
|-unboost|p2a: Great Tusk|evasion|1
|-sideend|p1: tamahome|Stealth Rock|[from] move: Defog|[of] p1a: Corviknight
|
|upkeep
|turn|41
|
|t:|1685819592
|move|p2a: Great Tusk|Stealth Rock|p1a: Corviknight
|-sidestart|p1: tamahome|move: Stealth Rock
|move|p1a: Corviknight|Brave Bird|p2a: Great Tusk
|-supereffective|p2a: Great Tusk
|-damage|p2a: Great Tusk|0 fnt
|faint|p2a: Great Tusk
|-end|p2a: Great Tusk|Protosynthesis|[silent]
|-damage|p1a: Corviknight|64/100 par|[from] Recoil
|
|upkeep
|
|t:|1685819607
|switch|p2a: Dragapult|Dragapult, M|41/100
|turn|42
|
|t:|1685819613
|move|p2a: Dragapult|Hex|p1a: Corviknight
|-damage|p1a: Corviknight|12/100 par
|move|p1a: Corviknight|Brave Bird|p2a: Dragapult
|-damage|p2a: Dragapult|0 fnt
|faint|p2a: Dragapult
|-damage|p1a: Corviknight|1/100 par|[from] Recoil
|
|upkeep
|inactive|fartballs45 has 270 seconds left.
|
|t:|1685819630
|switch|p2a: Corviknight|Corviknight, M|68/100
|-ability|p2a: Corviknight|Pressure
|turn|43
|
|t:|1685819645
|switch|p1a: Skeledirge|Skeledirge, M|100/100
|move|p2a: Corviknight|Body Press|p1a: Skeledirge
|-immune|p1a: Skeledirge
|
|upkeep
|turn|44
|inactive|tamahome has 270 seconds left.
|
|t:|1685819671
|switch|p1a: Slowking|Slowking, F|80/100 psn
|-damage|p1a: Slowking|67/100 psn|[from] Stealth Rock
|switch|p2a: Toxapex|Toxapex, F|100/100
|
|-damage|p1a: Slowking|55/100 psn|[from] psn
|upkeep
|turn|45
|inactive|tamahome has 270 seconds left.
|
|t:|1685819688
|move|p2a: Toxapex|Infestation|p1a: Slowking
|-supereffective|p1a: Slowking
|-damage|p1a: Slowking|50/100 psn
|-activate|p1a: Slowking|move: Infestation|[of] p2a: Toxapex
|move|p1a: Slowking|Psychic|p2a: Toxapex
|-supereffective|p2a: Toxapex
|-damage|p2a: Toxapex|50/100
|
|-damage|p1a: Slowking|38/100 psn|[from] psn
|-damage|p1a: Slowking|25/100 psn|[from] move: Infestation|[partiallytrapped]
|upkeep
|turn|46
|inactive|tamahome has 270 seconds left.
|
|t:|1685819700
|switch|p2a: Corviknight|Corviknight, M|68/100
|-ability|p2a: Corviknight|Pressure
|move|p1a: Slowking|Surf|p2a: Corviknight
|-damage|p2a: Corviknight|28/100
|
|-damage|p1a: Slowking|13/100 psn|[from] psn
|-end|p1a: Slowking|Infestation|[partiallytrapped]|[silent]
|upkeep
|turn|47
|inactive|tamahome has 270 seconds left.
|
|t:|1685819707
|switch|p1a: Great Tusk|Great Tusk|42/100
|-damage|p1a: Great Tusk|39/100|[from] Stealth Rock
|move|p2a: Corviknight|Roost|p2a: Corviknight
|-heal|p2a: Corviknight|78/100
|-singleturn|p2a: Corviknight|move: Roost
|
|-heal|p1a: Great Tusk|45/100|[from] item: Leftovers
|upkeep
|turn|48
|
|t:|1685819713
|move|p1a: Great Tusk|Rapid Spin|p2a: Corviknight
|-resisted|p2a: Corviknight
|-damage|p2a: Corviknight|74/100
|-boost|p1a: Great Tusk|spe|1
|-sideend|p1: tamahome|Stealth Rock|[from] move: Rapid Spin|[of] p1a: Great Tusk
|move|p2a: Corviknight|Iron Defense|p2a: Corviknight
|-boost|p2a: Corviknight|def|2
|
|-heal|p1a: Great Tusk|51/100|[from] item: Leftovers
|upkeep
|turn|49
|
|t:|1685819721
|move|p1a: Great Tusk|Stealth Rock|p2a: Corviknight
|-sidestart|p2: fartballs45|move: Stealth Rock
|move|p2a: Corviknight|U-turn|p1a: Great Tusk
|-resisted|p1a: Great Tusk
|-damage|p1a: Great Tusk|48/100
|
|t:|1685819730
|switch|p2a: Iron Valiant|Iron Valiant|100/100|[from] U-turn
|-enditem|p2a: Iron Valiant|Booster Energy
|-activate|p2a: Iron Valiant|ability: Quark Drive|[fromitem]
|-start|p2a: Iron Valiant|quarkdrivespe
|-damage|p2a: Iron Valiant|94/100|[from] Stealth Rock
|
|-heal|p1a: Great Tusk|54/100|[from] item: Leftovers
|upkeep
|turn|50
|inactive|fartballs45 has 270 seconds left.
|
|t:|1685819776
|-end|p1a: Great Tusk|Protosynthesis|[silent]
|switch|p1a: Corviknight|Corviknight, F|1/100 par
|-ability|p1a: Corviknight|Pressure
|move|p2a: Iron Valiant|Knock Off|p1a: Corviknight
|-damage|p1a: Corviknight|0 fnt
|faint|p1a: Corviknight
|
|upkeep
|inactive|tamahome has 270 seconds left.
|
|t:|1685819804
|switch|p1a: Skeledirge|Skeledirge, M|100/100
|turn|51
|
|t:|1685819810
|-end|p2a: Iron Valiant|Quark Drive|[silent]
|switch|p2a: Toxapex|Toxapex, F|83/100
|-damage|p2a: Toxapex|71/100|[from] Stealth Rock
|move|p1a: Skeledirge|Torch Song|p2a: Toxapex
|-resisted|p2a: Toxapex
|-damage|p2a: Toxapex|63/100
|-boost|p1a: Skeledirge|spa|1
|
|upkeep
|turn|52
|inactive|tamahome has 270 seconds left.
|
|t:|1685819833
|switch|p1a: Dragapult|Dragapult, F|91/100
|move|p2a: Toxapex|Surf|p1a: Dragapult
|-resisted|p1a: Dragapult
|-damage|p1a: Dragapult|71/100
|
|upkeep
|turn|53
|inactive|fartballs45 has 270 seconds left.
|
|t:|1685819870
|move|p1a: Dragapult|Shadow Ball|p2a: Toxapex
|-damage|p2a: Toxapex|33/100
|move|p2a: Toxapex|Sludge Bomb|p1a: Dragapult
|-resisted|p1a: Dragapult
|-damage|p1a: Dragapult|52/100
|-status|p1a: Dragapult|psn
|
|-damage|p1a: Dragapult|39/100 psn|[from] psn
|upkeep
|turn|54
|inactive|tamahome has 270 seconds left.
|
|t:|1685819884
|move|p1a: Dragapult|Shadow Ball|p2a: Toxapex
|-damage|p2a: Toxapex|5/100
|move|p2a: Toxapex|Surf|p1a: Dragapult
|-resisted|p1a: Dragapult
|-damage|p1a: Dragapult|20/100 psn
|
|-damage|p1a: Dragapult|8/100 psn|[from] psn
|upkeep
|turn|55
|
|t:|1685819890
|switch|p2a: Kingambit|Kingambit, F|82/100
|-damage|p2a: Kingambit|75/100|[from] Stealth Rock
|-activate|p2a: Kingambit|ability: Supreme Overlord
|-start|p2a: Kingambit|fallen2|[silent]
|move|p1a: Dragapult|Shadow Ball|p2a: Kingambit
|-resisted|p2a: Kingambit
|-damage|p2a: Kingambit|46/100
|-unboost|p2a: Kingambit|spd|1
|
|-heal|p2a: Kingambit|52/100|[from] item: Leftovers
|-damage|p1a: Dragapult|0 fnt|[from] psn
|faint|p1a: Dragapult
|upkeep
|inactive|tamahome has 270 seconds left.
|
|t:|1685819908
|switch|p1a: Great Tusk|Great Tusk|54/100
|turn|56
|inactive|tamahome has 270 seconds left.
|inactive|fartballs45 has 270 seconds left.
|
|t:|1685819916
|-end|p1a: Great Tusk|Protosynthesis|[silent]
|switch|p1a: Skeledirge|Skeledirge, M|100/100
|-end|p2a: Kingambit|fallen2|[silent]
|switch|p2a: Iron Valiant|Iron Valiant|94/100
|-damage|p2a: Iron Valiant|88/100|[from] Stealth Rock
|
|upkeep
|turn|57
|
|t:|1685819925
|move|p2a: Iron Valiant|Knock Off|p1a: Skeledirge
|-supereffective|p1a: Skeledirge
|-damage|p1a: Skeledirge|62/100
|-enditem|p1a: Skeledirge|Heavy-Duty Boots|[from] move: Knock Off|[of] p2a: Iron Valiant
|move|p1a: Skeledirge|Torch Song|p2a: Iron Valiant
|-damage|p2a: Iron Valiant|38/100
|-boost|p1a: Skeledirge|spa|1
|
|upkeep
|turn|58
|inactive|tamahome has 270 seconds left.
|inactive|fartballs45 has 270 seconds left.
|
|t:|1685819951
|-end|p2a: Iron Valiant|Quark Drive|[silent]
|switch|p2a: Toxapex|Toxapex, F|38/100
|-damage|p2a: Toxapex|26/100|[from] Stealth Rock
|move|p1a: Skeledirge|Slack Off|p1a: Skeledirge
|-heal|p1a: Skeledirge|100/100
|
|upkeep
|turn|59
|
|t:|1685819959
|switch|p2a: Iron Valiant|Iron Valiant|38/100
|-damage|p2a: Iron Valiant|32/100|[from] Stealth Rock
|move|p1a: Skeledirge|Shadow Ball|p2a: Iron Valiant
|-damage|p2a: Iron Valiant|0 fnt
|faint|p2a: Iron Valiant
|-end|p2a: Iron Valiant|Quark Drive|[silent]
|
|upkeep
|
|t:|1685819963
|switch|p2a: Toxapex|Toxapex, F|59/100
|-damage|p2a: Toxapex|46/100|[from] Stealth Rock
|turn|60
|inactive|tamahome has 270 seconds left.
|
|t:|1685820007
|move|p1a: Skeledirge|Shadow Ball|p2a: Toxapex
|-damage|p2a: Toxapex|20/100
|-unboost|p2a: Toxapex|spd|1
|move|p2a: Toxapex|Surf|p1a: Skeledirge
|-supereffective|p1a: Skeledirge
|-damage|p1a: Skeledirge|37/100
|
|upkeep
|turn|61
|inactive|tamahome has 240 seconds left.
|inactive|fartballs45 has 270 seconds left.
|
|t:|1685820050
|move|p1a: Skeledirge|Shadow Ball|p2a: Toxapex
|-damage|p2a: Toxapex|0 fnt
|faint|p2a: Toxapex
|
|upkeep
|
|t:|1685820052
|switch|p2a: Kingambit|Kingambit, F|52/100
|-damage|p2a: Kingambit|46/100|[from] Stealth Rock
|-activate|p2a: Kingambit|ability: Supreme Overlord
|-start|p2a: Kingambit|fallen4|[silent]
|turn|62
|inactive|fartballs45 has 270 seconds left.
|inactive|tamahome has 210 seconds left.
|inactive|fartballs45 has 240 seconds left.
|inactive|tamahome has 180 seconds left.
|inactive|fartballs45 has 210 seconds left.
|
|t:|1685820137
|switch|p1a: Slowking|Slowking, F|46/100 psn
|-terastallize|p2a: Kingambit|Fire
|move|p2a: Kingambit|Kowtow Cleave|p1a: Slowking
|-supereffective|p1a: Slowking
|-damage|p1a: Slowking|0 fnt
|faint|p1a: Slowking
|
|-heal|p2a: Kingambit|52/100|[from] item: Leftovers
|upkeep
|inactive|tamahome has 180 seconds left.
|
|t:|1685820145
|switch|p1a: Great Tusk|Great Tusk|54/100
|turn|63
|
|t:|1685820156
|move|p1a: Great Tusk|Earthquake|p2a: Kingambit
|-supereffective|p2a: Kingambit
|-crit|p2a: Kingambit
|-damage|p2a: Kingambit|0 fnt
|faint|p2a: Kingambit
|-end|p2a: Kingambit|fallen4|[silent]
|
|-heal|p1a: Great Tusk|61/100|[from] item: Leftovers
|upkeep
|c|☆fartballs45|gg
|
|t:|1685820160
|switch|p2a: Corviknight|Corviknight, M|74/100
|-damage|p2a: Corviknight|62/100|[from] Stealth Rock
|-ability|p2a: Corviknight|Pressure
|turn|64
|c|☆tamahome|gg
|-message|fartballs45 forfeited.
|
|win|tamahome
