|j|☆the eminence
|j|☆Noobula
|t:|1685822781
|gametype|singles
|player|p1|the eminence|lady|1712
|player|p2|Noobula|cyclist-gen4|1755
|teamsize|p1|6
|teamsize|p2|6
|gen|9
|tier|[Gen 9] OU
|rated|
|rule|Sleep Clause Mod: Limit one foe put to sleep
|rule|Species Clause: Limit one of each Pokémon
|rule|OHKO Clause: OHKO moves are banned
|rule|Evasion Items Clause: Evasion items are banned
|rule|Evasion Moves Clause: Evasion moves are banned
|rule|Endless Battle Clause: Forcing endless battles is banned
|rule|HP Percentage Mod: HP is shown in percentages
|clearpoke
|poke|p1|Magearna|
|poke|p1|Dragapult, M|
|poke|p1|Glimmora, M|
|poke|p1|Dragonite, M|
|poke|p1|Volcarona, F|
|poke|p1|Kingambit, M|
|poke|p2|Iron Treads|
|poke|p2|Landorus-Therian, M|
|poke|p2|Urshifu-*, M|
|poke|p2|Heatran, M|
|poke|p2|Zamazenta-*|
|poke|p2|Gengar, M|
|teampreview
|inactive|Battle timer is ON: inactive players will automatically lose when time's up. (requested by the eminence)
|j| Ghostbusters 2
|
|t:|1685822788
|start
|switch|p1a: Glimmora|Glimmora, M|100/100
|switch|p2a: Gordita Crunch|Iron Treads|100/100
|turn|1
|
|t:|1685822794
|move|p2a: Gordita Crunch|Earthquake|p1a: Glimmora
|-supereffective|p1a: Glimmora
|-enditem|p1a: Glimmora|Focus Sash
|-damage|p1a: Glimmora|1/100
|-activate|p1a: Glimmora|ability: Toxic Debris
|-sidestart|p2: Noobula|move: Toxic Spikes
|move|p1a: Glimmora|Earth Power|p2a: Gordita Crunch
|-supereffective|p2a: Gordita Crunch
|-damage|p2a: Gordita Crunch|26/100
|
|-heal|p2a: Gordita Crunch|32/100|[from] item: Leftovers
|upkeep
|turn|2
|
|t:|1685822802
|switch|p1a: Dragapult|Dragapult, M|100/100
|move|p2a: Gordita Crunch|Volt Switch|p1a: Dragapult
|-resisted|p1a: Dragapult
|-damage|p1a: Dragapult|95/100
|
|t:|1685822805
|-end|p2a: Gordita Crunch|Quark Drive|[silent]
|switch|p2a: Kilgrave|Gengar, M, shiny|100/100|[from] Volt Switch
|-sideend|p2: Noobula|move: Toxic Spikes|[of] p2a: Kilgrave
|
|upkeep
|turn|3
|
|t:|1685822807
|move|p2a: Kilgrave|Shadow Ball|p1a: Dragapult
|-supereffective|p1a: Dragapult
|-damage|p1a: Dragapult|3/100
|-start|p2a: Kilgrave|Disable|Shadow Ball|[from] ability: Cursed Body|[of] p1a: Dragapult
|move|p1a: Dragapult|Light Screen|p1a: Dragapult
|-sidestart|p1: the eminence|move: Light Screen
|
|upkeep
|turn|4
|
|t:|1685822814
|-activate|p2a: Kilgrave|move: Struggle
|move|p2a: Kilgrave|Struggle|p1a: Dragapult
|-damage|p1a: Dragapult|0 fnt
|faint|p1a: Dragapult
|-damage|p2a: Kilgrave|76/100|[from] recoil
|
|upkeep
|
|t:|1685822819
|switch|p1a: Volcarona|Volcarona, F|100/100
|turn|5
|
|t:|1685822837
|switch|p2a: Urshifu|Urshifu-Rapid-Strike, M|100/100
|move|p1a: Volcarona|Quiver Dance|p1a: Volcarona
|-boost|p1a: Volcarona|spa|1
|-boost|p1a: Volcarona|spd|1
|-boost|p1a: Volcarona|spe|1
|
|upkeep
|turn|6
|
|t:|1685822847
|switch|p2a: Hephaestus|Heatran, M|100/100
|-terastallize|p1a: Volcarona|Water
|move|p1a: Volcarona|Giga Drain|p2a: Hephaestus
|-resisted|p2a: Hephaestus
|-damage|p2a: Hephaestus|91/100
|
|-heal|p2a: Hephaestus|97/100|[from] item: Leftovers
|upkeep
|turn|7
|
|t:|1685822864
|switch|p2a: Gordita Crunch|Iron Treads|32/100
|move|p1a: Volcarona|Quiver Dance|p1a: Volcarona
|-boost|p1a: Volcarona|spa|1
|-boost|p1a: Volcarona|spd|1
|-boost|p1a: Volcarona|spe|1
|
|-heal|p2a: Gordita Crunch|38/100|[from] item: Leftovers
|upkeep
|turn|8
|
|t:|1685822871
|-end|p2a: Gordita Crunch|Quark Drive|[silent]
|switch|p2a: Hephaestus|Heatran, M|97/100
|move|p1a: Volcarona|Tera Blast|p2a: Hephaestus
|-supereffective|p2a: Hephaestus
|-damage|p2a: Hephaestus|0 fnt
|faint|p2a: Hephaestus
|
|upkeep
|
|t:|1685822881
|switch|p2a: Kilgrave|Gengar, M, shiny|76/100
|turn|9
|
|t:|1685822887
|move|p1a: Volcarona|Flamethrower|p2a: Kilgrave
|-damage|p2a: Kilgrave|0 fnt
|faint|p2a: Kilgrave
|
|upkeep
|j| Ty-mai-Shu
|j| ashfak
|
|t:|1685822915
|switch|p2a: Balto|Zamazenta-Crowned|100/100
|-ability|p2a: Balto|Dauntless Shield|boost
|-boost|p2a: Balto|def|1
|turn|10
|
|t:|1685822924
|-terastallize|p2a: Balto|Ghost
|move|p1a: Volcarona|Flamethrower|p2a: Balto
|-damage|p2a: Balto|32/100
|move|p2a: Balto|Body Press|p1a: Volcarona
|-damage|p1a: Volcarona|11/100
|
|-sideend|p1: the eminence|move: Light Screen
|upkeep
|turn|11
|c| ashfak|That Volc looks horrible to play against
|inactive|Noobula has 120 seconds left.
|c|☆Noobula|its a chore to guess the tera
|c|☆Noobula|as it sets up
|
|t:|1685822958
|move|p1a: Volcarona|Giga Drain|p2a: Balto
|-damage|p2a: Balto|0 fnt
|-heal|p1a: Volcarona|31/100|[from] drain|[of] p2a: Balto
|faint|p2a: Balto
|
|upkeep
|-message|Noobula forfeited.
|
|win|the eminence
|raw|the eminence's rating: 1712 → 1734(+22 for winning)
|raw|Noobula's rating: 1755 → 1733(-22 for losing)
|l|☆Noobula
