|j|☆King Of Gwent
|j|☆radiatorplease
|t:|1685848692
|gametype|singles
|player|p1|King Of Gwent|169|1211
|player|p2|radiatorplease|nate|1235
|teamsize|p1|6
|teamsize|p2|6
|gen|9
|tier|[Gen 9] OU
|rated|
|rule|Sleep Clause Mod: Limit one foe put to sleep
|rule|Species Clause: Limit one of each Pokémon
|rule|OHKO Clause: OHKO moves are banned
|rule|Evasion Items Clause: Evasion items are banned
|rule|Evasion Moves Clause: Evasion moves are banned
|rule|Endless Battle Clause: Forcing endless battles is banned
|rule|HP Percentage Mod: HP is shown in percentages
|clearpoke
|poke|p1|Magearna|
|poke|p1|Sneasler, M|
|poke|p1|Zamazenta-*|
|poke|p1|Landorus-Therian, M|
|poke|p1|Walking Wake|
|poke|p1|Corviknight, F|
|poke|p2|Magearna|
|poke|p2|Scream Tail|
|poke|p2|Rotom-Wash|
|poke|p2|Heatran, F|
|poke|p2|Great Tusk|
|poke|p2|Landorus-Therian, M|
|teampreview
|inactive|Battle timer is ON: inactive players will automatically lose when time's up. (requested by radiatorplease)
|
|t:|1685848711
|start
|switch|p1a: Walking Wake|Walking Wake|100/100
|switch|p2a: Rotom|Rotom-Wash|100/100
|turn|1
|
|t:|1685848726
|move|p2a: Rotom|Volt Switch|p1a: Walking Wake
|-damage|p1a: Walking Wake|71/100
|
|t:|1685848733
|switch|p2a: Heatran|Heatran, F|100/100|[from] Volt Switch
|-item|p2a: Heatran|Air Balloon
|move|p1a: Walking Wake|Draco Meteor|p2a: Heatran|[miss]
|-miss|p1a: Walking Wake|p2a: Heatran
|
|upkeep
|turn|2
|l|☆King Of Gwent
|inactive|King Of Gwent disconnected and has a minute to reconnect!
|player|p1|
|j|☆King Of Gwent
|inactive|King Of Gwent reconnected and has 110 seconds left.
|player|p1|King Of Gwent|169
|
|t:|1685848780
|-end|p1a: Walking Wake|Protosynthesis|[silent]
|switch|p1a: Landorus|Landorus-Therian, M|100/100
|-ability|p1a: Landorus|Intimidate|boost
|-unboost|p2a: Heatran|atk|1
|move|p2a: Heatran|Earth Power|p1a: Landorus
|-immune|p1a: Landorus
|
|upkeep
|turn|3
|
|t:|1685848794
|move|p1a: Landorus|U-turn|p2a: Heatran
|-resisted|p2a: Heatran
|-damage|p2a: Heatran|96/100
|-enditem|p2a: Heatran|Air Balloon
|
|t:|1685848805
|switch|p1a: Walking Wake|Walking Wake|71/100|[from] U-turn
|move|p2a: Heatran|Magma Storm|p1a: Walking Wake|[miss]
|-miss|p2a: Heatran|p1a: Walking Wake
|
|upkeep
|turn|4
|
|t:|1685848820
|switch|p2a: Rotom|Rotom-Wash|100/100
|move|p1a: Walking Wake|Hydro Steam|p2a: Rotom
|-resisted|p2a: Rotom
|-crit|p2a: Rotom
|-damage|p2a: Rotom|50/100
|
|upkeep
|turn|5
|
|t:|1685848831
|-end|p1a: Walking Wake|Protosynthesis|[silent]
|switch|p1a: Landorus|Landorus-Therian, M|100/100
|-ability|p1a: Landorus|Intimidate|boost
|-unboost|p2a: Rotom|atk|1
|move|p2a: Rotom|Volt Switch|p1a: Landorus
|-immune|p1a: Landorus
|
|upkeep
|turn|6
|inactive|King Of Gwent has 90 seconds left.
|
|t:|1685848849
|switch|p2a: Landorus|Landorus-Therian, M|100/100
|-ability|p2a: Landorus|Intimidate|boost
|-unboost|p1a: Landorus|atk|1
|move|p1a: Landorus|Stealth Rock|p2a: Landorus
|-sidestart|p2: radiatorplease|move: Stealth Rock
|
|upkeep
|turn|7
|inactive|King Of Gwent has 90 seconds left.
|
|t:|1685848865
|switch|p1a: Walking Wake|Walking Wake|71/100
|move|p2a: Landorus|Stealth Rock|p1a: Walking Wake
|-sidestart|p1: King Of Gwent|move: Stealth Rock
|
|upkeep
|turn|8
|inactive|King Of Gwent has 90 seconds left.
|
|t:|1685848874
|move|p1a: Walking Wake|Hydro Steam|p2a: Landorus
|-supereffective|p2a: Landorus
|-damage|p2a: Landorus|12/100
|move|p2a: Landorus|U-turn|p1a: Walking Wake
|-damage|p1a: Walking Wake|46/100
|
|t:|1685848880
|switch|p2a: Scream Tail|Scream Tail|100/100|[from] U-turn
|-damage|p2a: Scream Tail|88/100|[from] Stealth Rock
|
|upkeep
|turn|9
|
|t:|1685848891
|-end|p1a: Walking Wake|Protosynthesis|[silent]
|switch|p1a: Magearna|Magearna|100/100
|-damage|p1a: Magearna|94/100|[from] Stealth Rock
|move|p2a: Scream Tail|Light Screen|p2a: Scream Tail
|-sidestart|p2: radiatorplease|move: Light Screen
|
|-heal|p1a: Magearna|100/100|[from] item: Leftovers
|upkeep
|turn|10
|inactive|King Of Gwent has 90 seconds left.
|
|t:|1685848907
|move|p2a: Scream Tail|Reflect|p2a: Scream Tail
|-sidestart|p2: radiatorplease|Reflect
|move|p1a: Magearna|Calm Mind|p1a: Magearna
|-boost|p1a: Magearna|spa|1
|-boost|p1a: Magearna|spd|1
|
|upkeep
|turn|11
|
|t:|1685848915
|move|p2a: Scream Tail|Encore|p1a: Magearna
|-start|p1a: Magearna|Encore
|move|p1a: Magearna|Calm Mind|p1a: Magearna
|-boost|p1a: Magearna|spa|1
|-boost|p1a: Magearna|spd|1
|
|upkeep
|turn|12
|
|t:|1685848921
|-end|p2a: Scream Tail|Protosynthesis|[silent]
|switch|p2a: Magearna|Magearna|100/100
|-damage|p2a: Magearna|94/100|[from] Stealth Rock
|move|p1a: Magearna|Calm Mind|p1a: Magearna
|-boost|p1a: Magearna|spa|1
|-boost|p1a: Magearna|spd|1
|
|-heal|p2a: Magearna|100/100|[from] item: Leftovers
|upkeep
|turn|13
|
|t:|1685848931
|move|p2a: Magearna|Shift Gear|p2a: Magearna
|-boost|p2a: Magearna|spe|2
|-boost|p2a: Magearna|atk|1
|move|p1a: Magearna|Calm Mind|p1a: Magearna
|-boost|p1a: Magearna|spa|1
|-boost|p1a: Magearna|spd|1
|
|-end|p1a: Magearna|Encore
|upkeep
|turn|14
|
|t:|1685848941
|move|p2a: Magearna|Calm Mind|p2a: Magearna
|-boost|p2a: Magearna|spa|1
|-boost|p2a: Magearna|spd|1
|move|p1a: Magearna|Iron Defense|p1a: Magearna
|-boost|p1a: Magearna|def|2
|
|upkeep
|turn|15
|
|t:|1685848950
|move|p2a: Magearna|Calm Mind|p2a: Magearna
|-boost|p2a: Magearna|spa|1
|-boost|p2a: Magearna|spd|1
|move|p1a: Magearna|Iron Defense|p1a: Magearna
|-boost|p1a: Magearna|def|2
|
|upkeep
|turn|16
|inactive|King Of Gwent has 120 seconds left.
|
|t:|1685848957
|move|p2a: Magearna|Calm Mind|p2a: Magearna
|-boost|p2a: Magearna|spa|1
|-boost|p2a: Magearna|spd|1
|move|p1a: Magearna|Calm Mind|p1a: Magearna
|-boost|p1a: Magearna|spa|1
|-boost|p1a: Magearna|spd|1
|
|-sideend|p2: radiatorplease|move: Light Screen
|upkeep
|turn|17
|inactive|King Of Gwent has 120 seconds left.
|
|t:|1685848978
|move|p2a: Magearna|Calm Mind|p2a: Magearna
|-boost|p2a: Magearna|spa|1
|-boost|p2a: Magearna|spd|1
|move|p1a: Magearna|Calm Mind|p1a: Magearna
|-boost|p1a: Magearna|spa|1
|-boost|p1a: Magearna|spd|1
|
|-sideend|p2: radiatorplease|Reflect
|upkeep
|turn|18
|
|t:|1685848989
|move|p2a: Magearna|Calm Mind|p2a: Magearna
|-boost|p2a: Magearna|spa|1
|-boost|p2a: Magearna|spd|1
|move|p1a: Magearna|Iron Defense|p1a: Magearna
|-boost|p1a: Magearna|def|2
|
|upkeep
|turn|19
|
|t:|1685849004
|move|p2a: Magearna|Calm Mind|p2a: Magearna
|-boost|p2a: Magearna|spa|1
|-boost|p2a: Magearna|spd|1
|move|p1a: Magearna|Stored Power|p2a: Magearna
|-resisted|p2a: Magearna
|-damage|p2a: Magearna|39/100
|
|-heal|p2a: Magearna|45/100|[from] item: Leftovers
|upkeep
|turn|20
|
|t:|1685849014
|move|p2a: Magearna|Draining Kiss|p1a: Magearna
|-resisted|p1a: Magearna
|-damage|p1a: Magearna|89/100
|-heal|p2a: Magearna|54/100|[from] drain|[of] p1a: Magearna
|move|p1a: Magearna|Stored Power|p2a: Magearna
|-resisted|p2a: Magearna
|-crit|p2a: Magearna
|-damage|p2a: Magearna|0 fnt
|faint|p2a: Magearna
|
|-heal|p1a: Magearna|95/100|[from] item: Leftovers
|upkeep
|-message|radiatorplease forfeited.
|
|win|King Of Gwent
|raw|King Of Gwent's rating: 1211 → 1238(+27 for winning)
|raw|radiatorplease's rating: 1235 → 1208(-27 for losing)
|l|☆radiatorplease
