|j|☆Sunburnt_Sun
|j|☆ChandosHTesting
|t:|1685852274
|gametype|singles
|player|p1|Sunburnt_Sun|gambler|1311
|player|p2|ChandosHTesting|n-masters|1321
|teamsize|p1|6
|teamsize|p2|6
|gen|9
|tier|[Gen 9] OU
|rated|
|rule|Sleep Clause Mod: Limit one foe put to sleep
|rule|Species Clause: Limit one of each Pokémon
|rule|OHKO Clause: OHKO moves are banned
|rule|Evasion Items Clause: Evasion items are banned
|rule|Evasion Moves Clause: Evasion moves are banned
|rule|Endless Battle Clause: Forcing endless battles is banned
|rule|HP Percentage Mod: HP is shown in percentages
|clearpoke
|poke|p1|Landorus-Therian, M|
|poke|p1|Zamazenta-*|
|poke|p1|Arcanine-Hisui, M|
|poke|p1|Volcarona, M|
|poke|p1|Meowscarada, M|
|poke|p1|Basculegion, M|
|poke|p2|Dragapult, M|
|poke|p2|Magearna|
|poke|p2|Zamazenta-*|
|poke|p2|Volcarona, F|
|poke|p2|Great Tusk|
|poke|p2|Thundurus-Therian, M|
|teampreview
|
|t:|1685852310
|start
|switch|p1a: Landorus|Landorus-Therian, M|100/100
|switch|p2a: Dragapult|Dragapult, M|100/100
|-ability|p1a: Landorus|Intimidate|boost
|-unboost|p2a: Dragapult|atk|1
|turn|1
|
|t:|1685852318
|move|p2a: Dragapult|Will-O-Wisp|p1a: Landorus
|-status|p1a: Landorus|brn
|move|p1a: Landorus|Stealth Rock|p2a: Dragapult
|-sidestart|p2: ChandosHTesting|move: Stealth Rock
|
|-damage|p1a: Landorus|95/100 brn|[from] brn
|upkeep
|turn|2
|
|t:|1685852326
|move|p2a: Dragapult|Reflect|p2a: Dragapult
|-sidestart|p2: ChandosHTesting|Reflect
|move|p1a: Landorus|U-turn|p2a: Dragapult
|-resisted|p2a: Dragapult
|-damage|p2a: Dragapult|97/100
|
|t:|1685852331
|switch|p1a: Meowscarada|Meowscarada, M|100/100|[from] U-turn
|
|upkeep
|turn|3
|
|t:|1685852338
|move|p2a: Dragapult|Will-O-Wisp|p1a: Meowscarada
|-status|p1a: Meowscarada|brn
|move|p1a: Meowscarada|Knock Off|p2a: Dragapult
|-supereffective|p2a: Dragapult
|-damage|p2a: Dragapult|70/100
|-start|p1a: Meowscarada|Disable|Knock Off|[from] ability: Cursed Body|[of] p2a: Dragapult
|-enditem|p2a: Dragapult|Light Clay|[from] move: Knock Off|[of] p1a: Meowscarada
|
|-damage|p1a: Meowscarada|94/100 brn|[from] brn
|upkeep
|turn|4
|
|t:|1685852349
|move|p2a: Dragapult|Light Screen|p2a: Dragapult
|-sidestart|p2: ChandosHTesting|move: Light Screen
|move|p1a: Meowscarada|U-turn|p2a: Dragapult
|-resisted|p2a: Dragapult
|-damage|p2a: Dragapult|67/100
|
|t:|1685852365
|switch|p1a: Basculegion|Basculegion, M|100/100|[from] U-turn
|
|upkeep
|turn|5
|
|t:|1685852371
|move|p2a: Dragapult|Will-O-Wisp|p1a: Basculegion
|-status|p1a: Basculegion|brn
|move|p1a: Basculegion|Agility|p1a: Basculegion
|-boost|p1a: Basculegion|spe|2
|
|-damage|p1a: Basculegion|94/100 brn|[from] brn
|upkeep
|turn|6
|-message|Sunburnt_Sun forfeited.
|
|win|ChandosHTesting
|raw|Sunburnt_Sun's rating: 1311 → 1292(-19 for losing)
|raw|ChandosHTesting's rating: 1321 → 1340(+19 for winning)
|l|☆Sunburnt_Sun
|c|☆ChandosHTesting|lol
