|j|☆JuanF2023
|j|☆very tired guys
|t:|1685837827
|gametype|singles
|player|p1|JuanF2023|170|1000
|player|p2|very tired guys|burglar-gen1rb|1084
|teamsize|p1|6
|teamsize|p2|6
|gen|9
|tier|[Gen 9] OU
|rated|
|rule|Sleep Clause Mod: Limit one foe put to sleep
|rule|Species Clause: Limit one of each Pokémon
|rule|OHKO Clause: OHKO moves are banned
|rule|Evasion Items Clause: Evasion items are banned
|rule|Evasion Moves Clause: Evasion moves are banned
|rule|Endless Battle Clause: Forcing endless battles is banned
|rule|HP Percentage Mod: HP is shown in percentages
|clearpoke
|poke|p1|Breloom, M|
|poke|p1|Goodra, F|
|poke|p1|Kingambit, M|
|poke|p1|Azumarill, F|
|poke|p1|Ting-Lu|
|poke|p1|Maushold|
|poke|p2|Kleavor, F|
|poke|p2|Uxie|
|poke|p2|Gholdengo|
|poke|p2|Magearna|
|poke|p2|Samurott-Hisui, M|
|poke|p2|Clodsire, M|
|teampreview
|inactive|Battle timer is ON: inactive players will automatically lose when time's up. (requested by very tired guys)
|
|t:|1685837849
|start
|switch|p1a: Azumarill|Azumarill, F|100/100
|switch|p2a: Samurott|Samurott-Hisui, M|100/100
|turn|1
|
|t:|1685837875
|move|p2a: Samurott|Ceaseless Edge|p1a: Azumarill
|-resisted|p1a: Azumarill
|-damage|p1a: Azumarill|75/100
|-sidestart|p1: JuanF2023|Spikes
|move|p1a: Azumarill|Play Rough|p2a: Samurott|[miss]
|-miss|p1a: Azumarill|p2a: Samurott
|
|upkeep
|turn|2
|
|t:|1685837882
|move|p2a: Samurott|Ceaseless Edge|p1a: Azumarill
|-resisted|p1a: Azumarill
|-damage|p1a: Azumarill|48/100
|-sidestart|p1: JuanF2023|Spikes
|move|p1a: Azumarill|Play Rough|p2a: Samurott
|-supereffective|p2a: Samurott
|-damage|p2a: Samurott|0 fnt
|faint|p2a: Samurott
|
|upkeep
|
|t:|1685837887
|switch|p2a: Uxie|Uxie|100/100
|turn|3
|
|t:|1685837902
|switch|p1a: Eduarde|Breloom, M|100/100
|-damage|p1a: Eduarde|84/100|[from] Spikes
|move|p2a: Uxie|Reflect|p2a: Uxie
|-sidestart|p2: very tired guys|Reflect
|
|-status|p1a: Eduarde|tox|[from] item: Toxic Orb
|upkeep
|turn|4
|inactive|JuanF2023 has 120 seconds left.
|
|t:|1685837929
|move|p2a: Uxie|Light Screen|p2a: Uxie
|-sidestart|p2: very tired guys|move: Light Screen
|move|p1a: Eduarde|Substitute|p1a: Eduarde
|-start|p1a: Eduarde|Substitute
|-damage|p1a: Eduarde|59/100 tox
|
|-heal|p1a: Eduarde|71/100 tox|[from] ability: Poison Heal
|upkeep
|turn|5
|
|t:|1685837938
|switch|p2a: Gholdengo|Gholdengo|100/100
|move|p1a: Eduarde|Leech Seed|p2a: Gholdengo
|-immune|p2a: Gholdengo|[from] ability: Good as Gold
|
|-heal|p1a: Eduarde|84/100 tox|[from] ability: Poison Heal
|upkeep
|turn|6
|
|t:|1685837945
|-singleturn|p1a: Eduarde|move: Focus Punch
|move|p2a: Gholdengo|Shadow Ball|p1a: Eduarde
|-end|p1a: Eduarde|Substitute
|move|p1a: Eduarde|Focus Punch|p2a: Gholdengo
|-immune|p2a: Gholdengo
|
|-heal|p1a: Eduarde|96/100 tox|[from] ability: Poison Heal
|upkeep
|turn|7
|
|t:|1685837965
|switch|p1a: Ting-Lu|Ting-Lu|100/100
|-damage|p1a: Ting-Lu|84/100|[from] Spikes
|-ability|p1a: Ting-Lu|Vessel of Ruin
|move|p2a: Gholdengo|Shadow Ball|p1a: Ting-Lu
|-resisted|p1a: Ting-Lu
|-damage|p1a: Ting-Lu|77/100
|
|-heal|p1a: Ting-Lu|83/100|[from] item: Leftovers
|upkeep
|turn|8
|
|t:|1685837989
|switch|p2a: Kleavor|Kleavor, F|100/100
|move|p1a: Ting-Lu|Earthquake|p2a: Kleavor
|-damage|p2a: Kleavor|75/100
|
|-heal|p1a: Ting-Lu|89/100|[from] item: Leftovers
|upkeep
|turn|9
|inactive|JuanF2023 has 120 seconds left.
|
|t:|1685838019
|switch|p1a: Azumarill|Azumarill, F|48/100
|-damage|p1a: Azumarill|32/100|[from] Spikes
|move|p2a: Kleavor|Agility|p2a: Kleavor
|-boost|p2a: Kleavor|spe|2
|
|upkeep
|turn|10
|
|t:|1685838032
|-terastallize|p2a: Kleavor|Bug
|move|p1a: Azumarill|Aqua Jet|p2a: Kleavor
|-damage|p2a: Kleavor|51/100
|move|p2a: Kleavor|Fury Cutter|p1a: Azumarill
|-resisted|p1a: Azumarill
|-crit|p1a: Azumarill
|-damage|p1a: Azumarill|0 fnt
|faint|p1a: Azumarill
|
|-sideend|p2: very tired guys|Reflect
|upkeep
|
|t:|1685838046
|switch|p1a: Kingambit|Kingambit, M|100/100
|-damage|p1a: Kingambit|84/100|[from] Spikes
|-activate|p1a: Kingambit|ability: Supreme Overlord
|-start|p1a: Kingambit|fallen1|[silent]
|turn|11
|
|t:|1685838054
|move|p1a: Kingambit|Sucker Punch||[still]
|-fail|p1a: Kingambit
|move|p2a: Kleavor|Substitute|p2a: Kleavor
|-start|p2a: Kleavor|Substitute
|-damage|p2a: Kleavor|26/100
|
|-sideend|p2: very tired guys|move: Light Screen
|upkeep
|turn|12
|
|t:|1685838065
|move|p2a: Kleavor|Fury Cutter|p1a: Kingambit
|-damage|p1a: Kingambit|44/100
|move|p1a: Kingambit|Low Kick|p2a: Kleavor
|-resisted|p2a: Kleavor
|-activate|p2a: Kleavor|move: Substitute|[damage]
|
|upkeep
|turn|13
|
|t:|1685838077
|move|p2a: Kleavor|Fury Cutter|p1a: Kingambit
|-damage|p1a: Kingambit|0 fnt
|faint|p1a: Kingambit
|-end|p1a: Kingambit|fallen1|[silent]
|
|upkeep
|
|t:|1685838089
|switch|p1a: Ting-Lu|Ting-Lu|89/100
|-damage|p1a: Ting-Lu|72/100|[from] Spikes
|-ability|p1a: Ting-Lu|Vessel of Ruin
|turn|14
|
|t:|1685838101
|move|p2a: Kleavor|Fury Cutter|p1a: Ting-Lu
|-supereffective|p1a: Ting-Lu
|-damage|p1a: Ting-Lu|0 fnt
|faint|p1a: Ting-Lu
|
|upkeep
|
|t:|1685838108
|switch|p1a: Eduarde|Breloom, M|96/100 tox
|-damage|p1a: Eduarde|80/100 tox|[from] Spikes
|turn|15
|
|t:|1685838120
|move|p2a: Kleavor|Fury Cutter|p1a: Eduarde
|-damage|p1a: Eduarde|0 fnt
|faint|p1a: Eduarde
|
|upkeep
|
|t:|1685838125
|switch|p1a: Maushold|Maushold|100/100
|-damage|p1a: Maushold|84/100|[from] Spikes
|turn|16
|
|t:|1685838131
|move|p2a: Kleavor|Fury Cutter|p1a: Maushold
|-damage|p1a: Maushold|0 fnt
|faint|p1a: Maushold
|
|upkeep
|
|t:|1685838136
|switch|p1a: Goodra|Goodra, F|100/100
|-damage|p1a: Goodra|84/100|[from] Spikes
|turn|17
|
|t:|1685838140
|move|p2a: Kleavor|Fury Cutter|p1a: Goodra
|-damage|p1a: Goodra|0 fnt
|faint|p1a: Goodra
|
|win|very tired guys
|raw|JuanF2023's rating: 1000 → 1000(+0 for losing)
|raw|very tired guys's rating: 1084 → 1105(+21 for winning)
|l|☆JuanF2023
