|j|☆causanlggasisgay
|j|☆secspanther
|t:|1685832693
|gametype|singles
|player|p1|causanlggasisgay|169|1043
|player|p2|secspanther|265|1024
|teamsize|p1|6
|teamsize|p2|6
|gen|9
|tier|[Gen 9] OU
|rated|
|rule|Sleep Clause Mod: Limit one foe put to sleep
|rule|Species Clause: Limit one of each Pokémon
|rule|OHKO Clause: OHKO moves are banned
|rule|Evasion Items Clause: Evasion items are banned
|rule|Evasion Moves Clause: Evasion moves are banned
|rule|Endless Battle Clause: Forcing endless battles is banned
|rule|HP Percentage Mod: HP is shown in percentages
|clearpoke
|poke|p1|Urshifu-*, F|
|poke|p1|Rabsca, F|
|poke|p1|Mew|
|poke|p1|Moltres-Galar|
|poke|p1|Ditto|
|poke|p1|Great Tusk|
|poke|p2|Enamorus-Therian, F|
|poke|p2|Gholdengo|
|poke|p2|Sneasler, F|
|poke|p2|Zamazenta-*|
|poke|p2|Dragapult, M|
|poke|p2|Garchomp, F|
|teampreview
|
|t:|1685832713
|start
|switch|p1a: Urshifu|Urshifu-Rapid-Strike, F|100/100
|switch|p2a: Sleonard H.|Sneasler, F|100/100
|-item|p2a: Sleonard H.|Air Balloon
|turn|1
|inactive|Battle timer is ON: inactive players will automatically lose when time's up. (requested by secspanther)
|
|t:|1685832724
|move|p2a: Sleonard H.|Dire Claw|p1a: Urshifu
|-damage|p1a: Urshifu|53/100
|-status|p1a: Urshifu|slp
|cant|p1a: Urshifu|slp
|
|upkeep
|turn|2
|inactive|causanlggasisgay has 120 seconds left.
|inactive|causanlggasisgay has 90 seconds left.
|c|☆secspanther|hurry up
|inactive|causanlggasisgay has 60 seconds left.
|inactive|causanlggasisgay has 30 seconds left.
|inactive|causanlggasisgay has 20 seconds left.
|n|☆causanlggasisgay|causanlggasisgay
|c|☆causanlggasisgay|xDD
|inactive|causanlggasisgay has 15 seconds left.
|c|☆causanlggasisgay|tu puta madre
|inactive|causanlggasisgay has 10 seconds left.
|c|☆secspanther|i win
|inactive|causanlggasisgay has 5 seconds left.
|c|☆causanlggasisgay|a
|-message|causanlggasisgay lost due to inactivity.
|
|win|secspanther
|raw|causanlggasisgay's rating: 1043 → 1026(-17 for losing)
|raw|secspanther's rating: 1024 → 1062(+38 for winning)
