|j|☆Welcometoearth420
|j|☆lizardx3
|t:|1685869315
|gametype|singles
|player|p1|Welcometoearth420|170|1076
|player|p2|lizardx3|102|1056
|teamsize|p1|6
|teamsize|p2|6
|gen|9
|tier|[Gen 9] OU
|rated|
|rule|Sleep Clause Mod: Limit one foe put to sleep
|rule|Species Clause: Limit one of each Pokémon
|rule|OHKO Clause: OHKO moves are banned
|rule|Evasion Items Clause: Evasion items are banned
|rule|Evasion Moves Clause: Evasion moves are banned
|rule|Endless Battle Clause: Forcing endless battles is banned
|rule|HP Percentage Mod: HP is shown in percentages
|clearpoke
|poke|p1|Iron Valiant|
|poke|p1|Sneasler, F|
|poke|p1|Magearna|
|poke|p1|Chien-Pao|
|poke|p1|Roaring Moon|
|poke|p1|Ursaluna, F|
|poke|p2|Sylveon, F|
|poke|p2|Dragonite, F|
|poke|p2|Garganacl, F|
|poke|p2|Delphox, F|
|poke|p2|Gholdengo|
|poke|p2|Sneasler, M|
|teampreview
|
|t:|1685869334
|start
|switch|p1a: Sneasler|Sneasler, F|100/100
|switch|p2a: Garganacl|Garganacl, F|100/100
|turn|1
|
|t:|1685869374
|switch|p2a: Delphox|Delphox, F|100/100
|move|p1a: Sneasler|Fake Out|p2a: Delphox
|-enditem|p1a: Sneasler|Normal Gem|[from] gem
|-damage|p2a: Delphox|64/100
|
|upkeep
|turn|2
|
|t:|1685869391
|move|p1a: Sneasler|Dire Claw|p2a: Delphox
|-damage|p2a: Delphox|0 fnt
|faint|p2a: Delphox
|
|upkeep
|-message|lizardx3 forfeited.
|
|win|Welcometoearth420
|raw|Welcometoearth420's rating: 1076 → 1103(+27 for winning)
|raw|lizardx3's rating: 1056 → 1039(-17 for losing)
|l|☆lizardx3
