|j|☆Armeen
|j|☆Red Speed
|t:|1685849307
|gametype|singles
|player|p1|Armeen|102|1659
|player|p2|Red Speed|lucas-gen4pt|1583
|teamsize|p1|6
|teamsize|p2|6
|gen|9
|tier|[Gen 9] OU
|rated|
|rule|Sleep Clause Mod: Limit one foe put to sleep
|rule|Species Clause: Limit one of each Pokémon
|rule|OHKO Clause: OHKO moves are banned
|rule|Evasion Items Clause: Evasion items are banned
|rule|Evasion Moves Clause: Evasion moves are banned
|rule|Endless Battle Clause: Forcing endless battles is banned
|rule|HP Percentage Mod: HP is shown in percentages
|clearpoke
|poke|p1|Kleavor, M|
|poke|p1|Urshifu-*, F|
|poke|p1|Clodsire, M|
|poke|p1|Great Tusk|
|poke|p1|Braviary-Hisui, M|
|poke|p1|Sableye, M|
|poke|p2|Alomomola, F|
|poke|p2|Corviknight, F|
|poke|p2|Talonflame, F|
|poke|p2|Dondozo, F|
|poke|p2|Blissey, F|
|poke|p2|Clodsire, M|
|teampreview
|
|t:|1685849330
|start
|switch|p1a: Sableye|Sableye, M|100/100
|switch|p2a: Dondozo|Dondozo, F|100/100
|turn|1
|
|t:|1685849341
|switch|p2a: Clodsire|Clodsire, M|100/100
|move|p1a: Sableye|Knock Off|p2a: Clodsire
|-damage|p2a: Clodsire|71/100
|-enditem|p2a: Clodsire|Leftovers|[from] move: Knock Off|[of] p1a: Sableye
|
|upkeep
|turn|2
|
|t:|1685849351
|switch|p1a: Clodsire|Clodsire, M|100/100
|move|p2a: Clodsire|Spikes|p1a: Clodsire
|-sidestart|p1: Armeen|Spikes
|
|upkeep
|turn|3
|
|t:|1685849358
|switch|p2a: Blissey|Blissey, F|100/100
|move|p1a: Clodsire|Spikes|p2a: Blissey
|-sidestart|p2: Red Speed|Spikes
|
|upkeep
|turn|4
|
|t:|1685849369
|move|p2a: Blissey|Stealth Rock|p1a: Clodsire
|-sidestart|p1: Armeen|move: Stealth Rock
|move|p1a: Clodsire|Spikes|p2a: Blissey
|-sidestart|p2: Red Speed|Spikes
|
|upkeep
|turn|5
|
|t:|1685849376
|switch|p2a: Alomomola|Alomomola, F|100/100
|switch|p1a: Great Tusk|Great Tusk|100/100
|-damage|p1a: Great Tusk|88/100|[from] Spikes
|-damage|p1a: Great Tusk|85/100|[from] Stealth Rock
|
|-heal|p1a: Great Tusk|91/100|[from] item: Leftovers
|upkeep
|turn|6
|
|t:|1685849387
|-end|p1a: Great Tusk|Protosynthesis|[silent]
|switch|p1a: Clodsire|Clodsire, M|100/100
|-damage|p1a: Clodsire|88/100|[from] Spikes
|-damage|p1a: Clodsire|82/100|[from] Stealth Rock
|move|p2a: Alomomola|Whirlpool|p1a: Clodsire
|-heal|p1a: Clodsire|100/100|[from] ability: Water Absorb|[of] p2a: Alomomola
|
|upkeep
|turn|7
|
|t:|1685849395
|move|p2a: Alomomola|Wish|p2a: Alomomola
|move|p1a: Clodsire|Spikes|p2a: Alomomola
|-sidestart|p2: Red Speed|Spikes
|
|upkeep
|turn|8
|
|t:|1685849405
|switch|p1a: Kleavor|Kleavor, M|100/100
|-damage|p1a: Kleavor|88/100|[from] Spikes
|-damage|p1a: Kleavor|63/100|[from] Stealth Rock
|move|p2a: Alomomola|Chilling Water|p1a: Kleavor
|-supereffective|p1a: Kleavor
|-damage|p1a: Kleavor|37/100
|-unboost|p1a: Kleavor|atk|1
|
|upkeep
|turn|9
|
|t:|1685849420
|move|p1a: Kleavor|Stone Axe|p2a: Alomomola
|-damage|p2a: Alomomola|83/100
|-sidestart|p2: Red Speed|move: Stealth Rock
|move|p2a: Alomomola|Chilling Water|p1a: Kleavor
|-supereffective|p1a: Kleavor
|-damage|p1a: Kleavor|9/100
|-unboost|p1a: Kleavor|atk|1
|
|upkeep
|turn|10
|
|t:|1685849430
|move|p1a: Kleavor|Stone Axe|p2a: Alomomola
|-damage|p2a: Alomomola|69/100
|move|p2a: Alomomola|Wish|p2a: Alomomola
|
|upkeep
|turn|11
|
|t:|1685849441
|switch|p2a: Corviknight|Corviknight, F|100/100
|-damage|p2a: Corviknight|88/100|[from] Stealth Rock
|-ability|p2a: Corviknight|Pressure
|move|p1a: Kleavor|Stone Axe|p2a: Corviknight
|-damage|p2a: Corviknight|71/100
|-damage|p1a: Kleavor|0 fnt|[from] item: Rocky Helmet|[of] p2a: Corviknight
|faint|p1a: Kleavor
|
|-heal|p2a: Corviknight|100/100|[from] move: Wish|[wisher] Alomomola
|upkeep
|
|t:|1685849455
|switch|p1a: Braviary|Braviary-Hisui, M|100/100
|-damage|p1a: Braviary|76/100|[from] Stealth Rock
|turn|12
|
|t:|1685849480
|switch|p2a: Blissey|Blissey, F|100/100
|move|p1a: Braviary|Heat Wave|p2a: Blissey
|-damage|p2a: Blissey|86/100
|
|upkeep
|turn|13
|
|t:|1685849487
|switch|p1a: Sableye|Sableye, M|100/100
|-damage|p1a: Sableye|88/100|[from] Spikes
|-damage|p1a: Sableye|75/100|[from] Stealth Rock
|move|p2a: Blissey|Seismic Toss|p1a: Sableye
|-immune|p1a: Sableye
|
|upkeep
|turn|14
|
|t:|1685849500
|switch|p2a: Clodsire|Clodsire, M|71/100
|-damage|p2a: Clodsire|46/100|[from] Spikes
|-damage|p2a: Clodsire|40/100|[from] Stealth Rock
|move|p1a: Sableye|Knock Off|p2a: Clodsire
|-damage|p2a: Clodsire|20/100
|
|upkeep
|turn|15
|
|t:|1685849508
|move|p1a: Sableye|Knock Off|p2a: Clodsire
|-damage|p2a: Clodsire|1/100
|move|p2a: Clodsire|Recover|p2a: Clodsire
|-heal|p2a: Clodsire|51/100
|
|upkeep
|turn|16
|
|t:|1685849515
|move|p1a: Sableye|Encore|p2a: Clodsire
|-start|p2a: Clodsire|Encore
|move|p2a: Clodsire|Recover|p2a: Clodsire
|-heal|p2a: Clodsire|100/100
|
|upkeep
|turn|17
|
|t:|1685849538
|switch|p2a: Talonflame|Talonflame, F|100/100
|move|p1a: Sableye|Reflect|p1a: Sableye
|-sidestart|p1: Armeen|Reflect
|
|upkeep
|turn|18
|
|t:|1685849543
|move|p2a: Talonflame|Defog|p1a: Sableye
|-unboost|p1a: Sableye|evasion|1
|-sideend|p1: Armeen|Reflect
|-sideend|p1: Armeen|Spikes|[from] move: Defog|[of] p2a: Talonflame
|-sideend|p1: Armeen|Stealth Rock|[from] move: Defog|[of] p2a: Talonflame
|-sideend|p2: Red Speed|Spikes|[from] move: Defog|[of] p2a: Talonflame
|-sideend|p2: Red Speed|Stealth Rock|[from] move: Defog|[of] p2a: Talonflame
|move|p1a: Sableye|Knock Off|p2a: Talonflame
|-damage|p2a: Talonflame|77/100
|-enditem|p2a: Talonflame|Heavy-Duty Boots|[from] move: Knock Off|[of] p1a: Sableye
|
|upkeep
|turn|19
|
|t:|1685849552
|move|p1a: Sableye|Encore|p2a: Talonflame
|-start|p2a: Talonflame|Encore
|move|p2a: Talonflame|Defog|p1a: Sableye
|-unboost|p1a: Sableye|evasion|1
|
|upkeep
|turn|20
|
|t:|1685849562
|switch|p2a: Clodsire|Clodsire, M|100/100
|move|p1a: Sableye|Knock Off|p2a: Clodsire
|-damage|p2a: Clodsire|79/100
|
|upkeep
|turn|21
|
|t:|1685849570
|move|p1a: Sableye|Knock Off|p2a: Clodsire
|-damage|p2a: Clodsire|61/100
|move|p2a: Clodsire|Toxic|p1a: Sableye
|-status|p1a: Sableye|tox
|
|-damage|p1a: Sableye|69/100 tox|[from] psn
|upkeep
|turn|22
|
|t:|1685849578
|switch|p2a: Talonflame|Talonflame, F|77/100
|move|p1a: Sableye|Encore||[still]
|-fail|p1a: Sableye
|
|-damage|p1a: Sableye|57/100 tox|[from] psn
|upkeep
|turn|23
|-message|Armeen forfeited.
|
|win|Red Speed
|raw|Armeen's rating: 1659 → 1635(-24 for losing)
|raw|Red Speed's rating: 1583 → 1607(+24 for winning)
|l|☆Armeen
|l|☆Red Speed
