|j|☆RNGesus OG
|j|☆ricardi0
|t:|1685839555
|gametype|singles
|player|p1|RNGesus OG|169|
|player|p2|ricardi0|2|
|teamsize|p1|6
|teamsize|p2|6
|gen|9
|tier|[Gen 9] OU
|rule|Sleep Clause Mod: Limit one foe put to sleep
|rule|Species Clause: Limit one of each Pokémon
|rule|OHKO Clause: OHKO moves are banned
|rule|Evasion Items Clause: Evasion items are banned
|rule|Evasion Moves Clause: Evasion moves are banned
|rule|Endless Battle Clause: Forcing endless battles is banned
|rule|HP Percentage Mod: HP is shown in percentages
|clearpoke
|poke|p1|Kingambit, F|
|poke|p1|Zoroark-Hisui, F|
|poke|p1|Breloom, F|
|poke|p1|Donphan, M|
|poke|p1|Kilowattrel, F|
|poke|p1|Gyarados, F|
|poke|p2|Bombirdier, M|
|poke|p2|Tauros-Paldea-Aqua, M|
|poke|p2|Espeon, F|
|poke|p2|Tropius, M|
|poke|p2|Dudunsparce-*, M|
|poke|p2|Clodsire, F|
|teampreview
|j| Chris_Captain
|c| Chris_Captain|boo
|
|t:|1685839607
|start
|switch|p1a: Donphan|Donphan, M|100/100
|switch|p2a: BattleCow Requiem|Tauros-Paldea-Aqua, M|100/100
|-ability|p2a: BattleCow Requiem|Intimidate|boost
|-unboost|p1a: Donphan|atk|1
|turn|1
|
|t:|1685839623
|switch|p2a: no u|Espeon, F|100/100
|move|p1a: Donphan|Stealth Rock|p2a: no u
|move|p2a: no u|Stealth Rock|p1a: Donphan|[from]ability: Magic Bounce
|-sidestart|p1: RNGesus OG|move: Stealth Rock
|
|upkeep
|turn|2
|
|t:|1685839635
|move|p2a: no u|Future Sight|p1a: Donphan
|-start|p2a: no u|move: Future Sight
|move|p1a: Donphan|Rapid Spin|p2a: no u
|-damage|p2a: no u|78/100
|-boost|p1a: Donphan|spe|1
|-sideend|p1: RNGesus OG|Stealth Rock|[from] move: Rapid Spin|[of] p1a: Donphan
|
|upkeep
|turn|3
|
|t:|1685839653
|move|p2a: no u|Calm Mind|p2a: no u
|-boost|p2a: no u|spa|1
|-boost|p2a: no u|spd|1
|move|p1a: Donphan|Earthquake|p2a: no u
|-damage|p2a: no u|11/100
|
|upkeep
|turn|4
|
|t:|1685839676
|switch|p1a: Kilowattrel|Kilowattrel, F|100/100
|move|p2a: no u|Stored Power|p1a: Kilowattrel
|-damage|p1a: Kilowattrel|13/100
|-enditem|p1a: Kilowattrel|Red Card|[of] p2a: no u
|drag|p2a: BattleCow Requiem|Tauros-Paldea-Aqua, M|100/100
|-ability|p2a: BattleCow Requiem|Intimidate|boost
|-unboost|p1a: Kilowattrel|atk|1
|
|-end|p1a: Kilowattrel|move: Future Sight
|-damage|p1a: Kilowattrel|0 fnt
|faint|p1a: Kilowattrel
|upkeep
|c|☆ricardi0|you dare use my own strategy lmao
|c|☆RNGesus OG|red card is so funny
|
|t:|1685839715
|switch|p1a: Gyarados|Gyarados, F|100/100
|-ability|p1a: Gyarados|Intimidate|boost
|-unboost|p2a: BattleCow Requiem|atk|1
|turn|5
|inactive|Battle timer is ON: inactive players will automatically lose when time's up. (requested by RNGesus OG)
|inactiveoff|Battle timer is now OFF.
|c| Chris_Captain|lmao
|c|☆RNGesus OG|take your turn laddie
|c|☆RNGesus OG|he gone
|c|☆RNGesus OG|reduced to ratoms
|c| Chris_Captain|F
|c| Chris_Captain|the match that will never end
|c|☆RNGesus OG|im just gonna wait for him lol
|c| Chris_Captain|yeah
|c| Chris_Captain|all you can do
|c|☆RNGesus OG|probably got dragged away to do something
|c| Chris_Captain|he's preparing the greatest move of all time
|l| Chris_Captain
|c|☆RNGesus OG|AND THIS! IS! TO GO! EVEN... FURTHER BEYOND!!! AHHHHHHHHHHHHHHHHHHHHHHHHHHHHHHHHHHHHHHHHHHHHHHHHHHHHHHHHHHHHHHHHHHHHHHHHHHHHHHHHH
|j| Chris_Captain
|c| Chris_Captain|interesting
|l| Chris_Captain
|j| Chris_Captain
|l| Chris_Captain
|
|t:|1685843182
|switch|p1a: Donphan|Donphan, M|100/100
|move|p2a: BattleCow Requiem|Iron Head|p1a: Donphan
|-damage|p1a: Donphan|90/100
|
|-heal|p1a: Donphan|96/100|[from] item: Leftovers
|upkeep
|turn|6
|c|☆ricardi0|ahhh
|c|☆ricardi0|ee
|c|☆ricardi0|im sorry
|c|☆ricardi0|something came up lmao
|c|☆RNGesus OG|holy shit
|c|☆RNGesus OG|the battle continues
|
|t:|1685843214
|switch|p2a: no u|Espeon, F|11/100
|move|p1a: Donphan|Seed Bomb|p2a: no u
|-damage|p2a: no u|0 fnt
|faint|p2a: no u
|
|-heal|p1a: Donphan|100/100|[from] item: Leftovers
|upkeep
|
|t:|1685843230
|switch|p2a: Dudunsparce|Dudunsparce-Three-Segment, M|100/100
|turn|7
|
|t:|1685843251
|move|p2a: Dudunsparce|Coil|p2a: Dudunsparce
|-boost|p2a: Dudunsparce|atk|1
|-boost|p2a: Dudunsparce|def|1
|-boost|p2a: Dudunsparce|accuracy|1
|move|p1a: Donphan|Stealth Rock|p2a: Dudunsparce
|-sidestart|p2: ricardi0|move: Stealth Rock
|
|upkeep
|turn|8
|
|t:|1685843260
|switch|p1a: Breloom|Breloom, F|100/100
|move|p2a: Dudunsparce|Glare|p1a: Breloom
|-status|p1a: Breloom|par
|
|upkeep
|turn|9
|c|☆RNGesus OG|frick
|
|t:|1685843282
|switch|p2a: Banana Slamma|Tropius, M|100/100
|-damage|p2a: Banana Slamma|76/100|[from] Stealth Rock
|move|p1a: Breloom|Spore|p2a: Banana Slamma
|-immune|p2a: Banana Slamma
|
|upkeep
|turn|10
|
|t:|1685843299
|switch|p1a: Gyarados|Gyarados, F|100/100
|-ability|p1a: Gyarados|Intimidate|boost
|-unboost|p2a: Banana Slamma|atk|1
|move|p2a: Banana Slamma|Dragon Dance|p2a: Banana Slamma
|-boost|p2a: Banana Slamma|atk|1
|-boost|p2a: Banana Slamma|spe|1
|
|upkeep
|turn|11
|
|t:|1685843311
|move|p1a: Gyarados|Stone Edge|p2a: Banana Slamma
|-supereffective|p2a: Banana Slamma
|-damage|p2a: Banana Slamma|15/100
|-enditem|p2a: Banana Slamma|Aguav Berry|[eat]
|-heal|p2a: Banana Slamma|49/100|[from] item: Aguav Berry
|move|p2a: Banana Slamma|Body Slam|p1a: Gyarados
|-damage|p1a: Gyarados|77/100
|
|-item|p2a: Banana Slamma|Aguav Berry|[from] ability: Harvest
|upkeep
|turn|12
|
|t:|1685843325
|move|p1a: Gyarados|Stone Edge|p2a: Banana Slamma|[miss]
|-miss|p1a: Gyarados|p2a: Banana Slamma
|move|p2a: Banana Slamma|Body Slam|p1a: Gyarados
|-damage|p1a: Gyarados|55/100
|-status|p1a: Gyarados|par
|
|upkeep
|turn|13
|
|t:|1685843338
|-terastallize|p2a: Banana Slamma|Normal
|move|p2a: Banana Slamma|Dragon Dance|p2a: Banana Slamma
|-boost|p2a: Banana Slamma|atk|1
|-boost|p2a: Banana Slamma|spe|1
|move|p1a: Gyarados|Stone Edge|p2a: Banana Slamma|[miss]
|-miss|p1a: Gyarados|p2a: Banana Slamma
|
|upkeep
|turn|14
|
|t:|1685843350
|move|p2a: Banana Slamma|Body Slam|p1a: Gyarados
|-damage|p1a: Gyarados|7/100 par
|move|p1a: Gyarados|Waterfall|p2a: Banana Slamma
|-damage|p2a: Banana Slamma|15/100
|-enditem|p2a: Banana Slamma|Aguav Berry|[eat]
|-heal|p2a: Banana Slamma|49/100|[from] item: Aguav Berry
|
|-item|p2a: Banana Slamma|Aguav Berry|[from] ability: Harvest
|upkeep
|turn|15
|
|t:|1685843360
|move|p2a: Banana Slamma|Dragon Dance|p2a: Banana Slamma
|-boost|p2a: Banana Slamma|atk|1
|-boost|p2a: Banana Slamma|spe|1
|move|p1a: Gyarados|Waterfall|p2a: Banana Slamma
|-damage|p2a: Banana Slamma|16/100
|-enditem|p2a: Banana Slamma|Aguav Berry|[eat]
|-heal|p2a: Banana Slamma|50/100|[from] item: Aguav Berry
|
|upkeep
|turn|16
|
|t:|1685843371
|move|p2a: Banana Slamma|Body Slam|p1a: Gyarados
|-damage|p1a: Gyarados|0 fnt
|faint|p1a: Gyarados
|
|upkeep
|j| Chris_Captain
|
|t:|1685843390
|switch|p1a: Breloom|Breloom, F|100/100
|turn|17
|
|t:|1685843412
|move|p2a: Banana Slamma|Aerial Ace|p1a: Breloom
|-damage|p1a: Breloom|18/100
|replace|p1a: Zoroark|Zoroark-Hisui, F
|-end|p1a: Zoroark|Illusion
|move|p1a: Zoroark|Grass Knot|p2a: Banana Slamma
|-damage|p2a: Banana Slamma|0 fnt
|faint|p2a: Banana Slamma
|
|upkeep
|
|t:|1685843437
|switch|p2a: Dudunsparce|Dudunsparce-Three-Segment, M|100/100
|-damage|p2a: Dudunsparce|88/100|[from] Stealth Rock
|turn|18
|
|t:|1685843448
|switch|p1a: Breloom|Breloom, F|100/100 par
|move|p2a: Dudunsparce|Glare|p1a: Breloom
|-fail|p1a: Breloom|par
|
|upkeep
|turn|19
|
|t:|1685843461
|-singleturn|p1a: Breloom|move: Focus Punch
|move|p2a: Dudunsparce|Headbutt|p1a: Breloom
|-damage|p1a: Breloom|76/100 par
|cant|p1a: Breloom|Focus Punch|Focus Punch
|
|upkeep
|turn|20
|
|t:|1685843468
|move|p1a: Breloom|Leech Seed|p2a: Dudunsparce
|-start|p2a: Dudunsparce|move: Leech Seed
|move|p2a: Dudunsparce|Dragon Tail|p1a: Breloom
|-damage|p1a: Breloom|62/100 par
|drag|p1a: Kingambit|Kingambit, F|100/100
|-activate|p1a: Kingambit|ability: Supreme Overlord
|-start|p1a: Kingambit|fallen2|[silent]
|
|-damage|p2a: Dudunsparce|76/100|[from] Leech Seed|[of] p1a: Kingambit
|upkeep
|turn|21
|
|t:|1685843479
|move|p2a: Dudunsparce|Glare|p1a: Kingambit
|-status|p1a: Kingambit|par
|move|p1a: Kingambit|Brick Break|p2a: Dudunsparce
|-supereffective|p2a: Dudunsparce
|-damage|p2a: Dudunsparce|0 fnt
|faint|p2a: Dudunsparce
|
|upkeep
|
|t:|1685843491
|switch|p2a: Clodsire|Clodsire, F|100/100
|-damage|p2a: Clodsire|94/100|[from] Stealth Rock
|turn|22
|c|☆ricardi0|its quaggin time
|
|t:|1685843506
|-end|p1a: Kingambit|fallen2|[silent]
|switch|p1a: Donphan|Donphan, M|100/100
|move|p2a: Clodsire|Mud-Slap|p1a: Donphan
|-damage|p1a: Donphan|96/100
|-unboost|p1a: Donphan|accuracy|1
|
|-heal|p1a: Donphan|100/100|[from] item: Leftovers
|-heal|p2a: Clodsire|100/100|[from] item: Leftovers
|upkeep
|turn|23
|
|t:|1685843516
|switch|p2a: bobm|Bombirdier, M|100/100
|-damage|p2a: bobm|76/100|[from] Stealth Rock
|move|p1a: Donphan|Earthquake|p2a: bobm
|-immune|p2a: bobm
|
|upkeep
|turn|24
|
|t:|1685843523
|move|p2a: bobm|Knock Off|p1a: Donphan
|-damage|p1a: Donphan|56/100
|-enditem|p1a: Donphan|Leftovers|[from] move: Knock Off|[of] p2a: bobm
|move|p1a: Donphan|Seed Bomb|p2a: bobm
|-resisted|p2a: bobm
|-damage|p2a: bobm|57/100
|
|upkeep
|turn|25
|c|☆RNGesus OG|whoops i thought you were rock type
|c|☆ricardi0|ikr
|
|t:|1685843561
|switch|p2a: BattleCow Requiem|Tauros-Paldea-Aqua, M|100/100
|-damage|p2a: BattleCow Requiem|94/100|[from] Stealth Rock
|-ability|p2a: BattleCow Requiem|Intimidate|boost
|-unboost|p1a: Donphan|atk|1
|move|p1a: Donphan|Rapid Spin|p2a: BattleCow Requiem
|-damage|p2a: BattleCow Requiem|85/100
|-boost|p1a: Donphan|spe|1
|
|upkeep
|turn|26
|
|t:|1685843571
|move|p2a: BattleCow Requiem|Bulk Up|p2a: BattleCow Requiem
|-boost|p2a: BattleCow Requiem|atk|1
|-boost|p2a: BattleCow Requiem|def|1
|move|p1a: Donphan|Earthquake|p2a: BattleCow Requiem
|-damage|p2a: BattleCow Requiem|65/100
|
|upkeep
|turn|27
|
|t:|1685843586
|move|p2a: BattleCow Requiem|Iron Head|p1a: Donphan
|-damage|p1a: Donphan|31/100
|-heal|p2a: BattleCow Requiem|69/100|[from] item: Shell Bell|[of] p1a: Donphan
|cant|p1a: Donphan|flinch
|
|upkeep
|turn|28
|
|t:|1685843592
|move|p2a: BattleCow Requiem|Bulk Up|p2a: BattleCow Requiem
|-boost|p2a: BattleCow Requiem|atk|1
|-boost|p2a: BattleCow Requiem|def|1
|move|p1a: Donphan|Seed Bomb|p2a: BattleCow Requiem
|-supereffective|p2a: BattleCow Requiem
|-damage|p2a: BattleCow Requiem|52/100
|
|upkeep
|turn|29
|
|t:|1685843599
|switch|p1a: Donphan|Donphan, M|18/100
|move|p2a: BattleCow Requiem|Iron Head|p1a: Donphan
|-damage|p1a: Donphan|0 fnt
|replace|p1a: Zoroark|Zoroark-Hisui, F
|-end|p1a: Zoroark|Illusion
|faint|p1a: Zoroark
|-heal|p2a: BattleCow Requiem|54/100|[from] item: Shell Bell|[of] p1: Zoroark
|
|upkeep
|
|t:|1685843615
|switch|p1a: Donphan|Donphan, M|31/100
|turn|30
|
|t:|1685843619
|move|p2a: BattleCow Requiem|Bulk Up|p2a: BattleCow Requiem
|-boost|p2a: BattleCow Requiem|atk|1
|-boost|p2a: BattleCow Requiem|def|1
|move|p1a: Donphan|Seed Bomb|p2a: BattleCow Requiem
|-supereffective|p2a: BattleCow Requiem
|-damage|p2a: BattleCow Requiem|35/100
|
|upkeep
|turn|31
|c|☆RNGesus OG|please
|
|t:|1685843635
|move|p2a: BattleCow Requiem|Bulk Up|p2a: BattleCow Requiem
|-boost|p2a: BattleCow Requiem|atk|1
|-boost|p2a: BattleCow Requiem|def|1
|move|p1a: Donphan|Seed Bomb|p2a: BattleCow Requiem
|-supereffective|p2a: BattleCow Requiem
|-damage|p2a: BattleCow Requiem|18/100
|
|upkeep
|turn|32
|c| Chris_Captain|oh no
|
|t:|1685843648
|-terastallize|p1a: Donphan|Grass
|move|p2a: BattleCow Requiem|Aqua Jet|p1a: Donphan
|-resisted|p1a: Donphan
|-damage|p1a: Donphan|12/100
|-heal|p2a: BattleCow Requiem|21/100|[from] item: Shell Bell|[of] p1a: Donphan
|move|p1a: Donphan|Seed Bomb|p2a: BattleCow Requiem
|-supereffective|p2a: BattleCow Requiem
|-damage|p2a: BattleCow Requiem|0 fnt
|faint|p2a: BattleCow Requiem
|
|upkeep
|c|☆ricardi0|damn lol
|c|☆RNGesus OG|omg
|
|t:|1685843662
|switch|p2a: Clodsire|Clodsire, F|100/100
|-damage|p2a: Clodsire|94/100|[from] Stealth Rock
|turn|33
|
|t:|1685843666
|move|p1a: Donphan|Earthquake|p2a: Clodsire
|-supereffective|p2a: Clodsire
|-damage|p2a: Clodsire|0 fnt
|faint|p2a: Clodsire
|
|upkeep
|c|☆ricardi0|gg lmao
|
|t:|1685843672
|switch|p2a: bobm|Bombirdier, M|57/100
|-damage|p2a: bobm|32/100|[from] Stealth Rock
|turn|34
|
|t:|1685843679
|move|p2a: bobm|Knock Off|p1a: Donphan
|-damage|p1a: Donphan|0 fnt
|faint|p1a: Donphan
|
|upkeep
|
|t:|1685843686
|switch|p1a: Kingambit|Kingambit, F|100/100 par
|-activate|p1a: Kingambit|ability: Supreme Overlord
|-start|p1a: Kingambit|fallen4|[silent]
|turn|35
|c|☆ricardi0|I got too greedy
|
|t:|1685843693
|move|p2a: bobm|Knock Off|p1a: Kingambit
|-resisted|p1a: Kingambit
|-damage|p1a: Kingambit|77/100 par
|-enditem|p1a: Kingambit|Choice Band|[from] move: Knock Off|[of] p2a: bobm
|cant|p1a: Kingambit|par
|
|upkeep
|turn|36
|
|t:|1685843701
|move|p2a: bobm|Knock Off|p1a: Kingambit
|-resisted|p1a: Kingambit
|-damage|p1a: Kingambit|62/100 par
|move|p1a: Kingambit|Brick Break|p2a: bobm
|-damage|p2a: bobm|0 fnt
|faint|p2a: bobm
|
|win|RNGesus OG
|l|☆ricardi0
