|j|☆Sunburnt_Sun
|j|☆Typer Meme
|t:|1685853085
|gametype|singles
|player|p1|Sunburnt_Sun|gambler|1263
|player|p2|Typer Meme|roxanne|1242
|teamsize|p1|6
|teamsize|p2|6
|gen|9
|tier|[Gen 9] OU
|rated|
|rule|Sleep Clause Mod: Limit one foe put to sleep
|rule|Species Clause: Limit one of each Pokémon
|rule|OHKO Clause: OHKO moves are banned
|rule|Evasion Items Clause: Evasion items are banned
|rule|Evasion Moves Clause: Evasion moves are banned
|rule|Endless Battle Clause: Forcing endless battles is banned
|rule|HP Percentage Mod: HP is shown in percentages
|clearpoke
|poke|p1|Landorus-Therian, M|
|poke|p1|Zamazenta-*|
|poke|p1|Moltres-Galar|
|poke|p1|Volcarona, M|
|poke|p1|Meowscarada, M|
|poke|p1|Basculegion, M|
|poke|p2|Ceruledge, F|
|poke|p2|Armarouge, F|
|poke|p2|Glimmora, F|
|poke|p2|Iron Leaves|
|poke|p2|Azumarill, M|
|poke|p2|Great Tusk|
|teampreview
|inactive|Battle timer is ON: inactive players will automatically lose when time's up. (requested by Typer Meme)
|
|t:|1685853093
|start
|switch|p1a: Meowscarada|Meowscarada, M|100/100
|switch|p2a: Great Tusk|Great Tusk|100/100
|turn|1
|
|t:|1685853107
|-end|p2a: Great Tusk|Protosynthesis|[silent]
|switch|p2a: Armarouge|Armarouge, F|100/100
|move|p1a: Meowscarada|Taunt|p2a: Armarouge
|-start|p2a: Armarouge|move: Taunt
|
|upkeep
|turn|2
|
|t:|1685853115
|move|p1a: Meowscarada|Knock Off|p2a: Armarouge
|-supereffective|p2a: Armarouge
|-damage|p2a: Armarouge|8/100
|-ability|p2a: Armarouge|Weak Armor|boost
|-unboost|p2a: Armarouge|def|1
|-boost|p2a: Armarouge|spe|2
|-enditem|p2a: Armarouge|Weakness Policy
|-boost|p2a: Armarouge|atk|2|[from] item: Weakness Policy
|-boost|p2a: Armarouge|spa|2|[from] item: Weakness Policy
|move|p2a: Armarouge|Armor Cannon|p1a: Meowscarada
|-supereffective|p1a: Meowscarada
|-enditem|p1a: Meowscarada|Focus Sash
|-damage|p1a: Meowscarada|1/100
|-unboost|p2a: Armarouge|def|1
|-unboost|p2a: Armarouge|spd|1
|
|upkeep
|turn|3
|
|t:|1685853128
|move|p2a: Armarouge|Aura Sphere|p1a: Meowscarada
|-supereffective|p1a: Meowscarada
|-damage|p1a: Meowscarada|0 fnt
|faint|p1a: Meowscarada
|
|-end|p2a: Armarouge|move: Taunt
|upkeep
|
|t:|1685853141
|switch|p1a: Landorus|Landorus-Therian, M|100/100
|-ability|p1a: Landorus|Intimidate|boost
|-unboost|p2a: Armarouge|atk|1
|turn|4
|
|t:|1685853148
|move|p2a: Armarouge|Endure|p2a: Armarouge
|-singleturn|p2a: Armarouge|move: Endure
|move|p1a: Landorus|Earthquake|p2a: Armarouge
|-supereffective|p2a: Armarouge
|-activate|p2a: Armarouge|move: Endure
|-damage|p2a: Armarouge|1/100
|-ability|p2a: Armarouge|Weak Armor|boost
|-unboost|p2a: Armarouge|def|1
|-boost|p2a: Armarouge|spe|2
|
|upkeep
|turn|5
|
|t:|1685853158
|move|p2a: Armarouge|Armor Cannon|p1a: Landorus
|-damage|p1a: Landorus|0 fnt
|-unboost|p2a: Armarouge|def|1
|-unboost|p2a: Armarouge|spd|1
|faint|p1a: Landorus
|
|upkeep
|-message|Sunburnt_Sun forfeited.
|
|win|Typer Meme
|raw|Sunburnt_Sun's rating: 1263 → 1236(-27 for losing)
|raw|Typer Meme's rating: 1242 → 1269(+27 for winning)
|l|☆Sunburnt_Sun
