|j|☆IrisBlaze
|j|☆eats your potato*
|t:|1685871282
|gametype|singles
|player|p1|IrisBlaze|lisia-masters|1375
|player|p2|eats your potato*|cynthia-gen4|1489
|teamsize|p1|6
|teamsize|p2|6
|gen|9
|tier|[Gen 9] OU
|rated|
|rule|Sleep Clause Mod: Limit one foe put to sleep
|rule|Species Clause: Limit one of each Pokémon
|rule|OHKO Clause: OHKO moves are banned
|rule|Evasion Items Clause: Evasion items are banned
|rule|Evasion Moves Clause: Evasion moves are banned
|rule|Endless Battle Clause: Forcing endless battles is banned
|rule|HP Percentage Mod: HP is shown in percentages
|clearpoke
|poke|p1|Iron Moth|
|poke|p1|Kleavor, F|
|poke|p1|Garchomp, F|
|poke|p1|Gholdengo|
|poke|p1|Sneasler, F|
|poke|p1|Quaquaval, F|
|poke|p2|Sneasler, M|
|poke|p2|Ursaluna, F|
|poke|p2|Basculegion-F, F|
|poke|p2|Heatran, F|
|poke|p2|Samurott-Hisui, M|
|poke|p2|Great Tusk|
|teampreview
|c|☆eats your potato*|glhf
|c|☆IrisBlaze|glhf
|
|t:|1685871319
|start
|switch|p1a: Quaquaval|Quaquaval, F|100/100
|switch|p2a: Basculegion|Basculegion-F, F|100/100
|turn|1
|
|t:|1685871333
|move|p1a: Quaquaval|Aqua Step|p2a: Basculegion
|-resisted|p2a: Basculegion
|-damage|p2a: Basculegion|77/100
|-boost|p1a: Quaquaval|spe|1
|move|p2a: Basculegion|Shadow Ball|p1a: Quaquaval
|-damage|p1a: Quaquaval|4/100
|
|-heal|p1a: Quaquaval|10/100|[from] item: Leftovers
|upkeep
|turn|2
|
|t:|1685871340
|move|p1a: Quaquaval|Aqua Step|p2a: Basculegion
|-resisted|p2a: Basculegion
|-crit|p2a: Basculegion
|-damage|p2a: Basculegion|44/100
|-boost|p1a: Quaquaval|spe|1
|move|p2a: Basculegion|Shadow Ball|p1a: Quaquaval
|-damage|p1a: Quaquaval|0 fnt
|faint|p1a: Quaquaval
|
|upkeep
|
|t:|1685871346
|switch|p1a: Kleavor|Kleavor, F, shiny|100/100
|turn|3
|c|☆eats your potato*|is your avatar hatsune miku?
|c|☆IrisBlaze|lolno
|
|t:|1685871365
|switch|p2a: Great Tusk|Great Tusk|100/100
|move|p1a: Kleavor|Stone Axe|p2a: Great Tusk
|-resisted|p2a: Great Tusk
|-damage|p2a: Great Tusk|95/100
|-sidestart|p2: eats your potato*|move: Stealth Rock
|
|-heal|p2a: Great Tusk|100/100|[from] item: Leftovers
|upkeep
|turn|4
|
|t:|1685871374
|switch|p1a: Sneasler|Sneasler, F, shiny|100/100
|-item|p1a: Sneasler|Air Balloon
|move|p2a: Great Tusk|Knock Off|p1a: Sneasler
|-resisted|p1a: Sneasler
|-damage|p1a: Sneasler|77/100
|-enditem|p1a: Sneasler|Air Balloon
|
|upkeep
|turn|5
|
|t:|1685871381
|move|p1a: Sneasler|Dire Claw|p2a: Great Tusk
|-resisted|p2a: Great Tusk
|-crit|p2a: Great Tusk
|-damage|p2a: Great Tusk|83/100
|-status|p2a: Great Tusk|psn
|move|p2a: Great Tusk|Earthquake|p1a: Sneasler
|-supereffective|p1a: Sneasler
|-crit|p1a: Sneasler
|-damage|p1a: Sneasler|0 fnt
|faint|p1a: Sneasler
|
|-heal|p2a: Great Tusk|89/100 psn|[from] item: Leftovers
|-damage|p2a: Great Tusk|77/100 psn|[from] psn
|upkeep
|
|t:|1685871391
|switch|p1a: Garchomp|Garchomp, F|100/100
|turn|6
|
|t:|1685871397
|-end|p2a: Great Tusk|Protosynthesis|[silent]
|switch|p2a: Ursaluna|Ursaluna, F|100/100
|-damage|p2a: Ursaluna|94/100|[from] Stealth Rock
|move|p1a: Garchomp|Draco Meteor|p2a: Ursaluna
|-damage|p2a: Ursaluna|41/100
|-unboost|p1a: Garchomp|spa|2
|-damage|p1a: Garchomp|91/100|[from] item: Life Orb
|
|-status|p2a: Ursaluna|brn|[from] item: Flame Orb
|upkeep
|turn|7
|
|t:|1685871404
|move|p1a: Garchomp|Earthquake|p2a: Ursaluna
|-damage|p2a: Ursaluna|1/100 brn
|-damage|p1a: Garchomp|81/100|[from] item: Life Orb
|move|p2a: Ursaluna|Earthquake|p1a: Garchomp
|-damage|p1a: Garchomp|0 fnt
|faint|p1a: Garchomp
|
|-damage|p2a: Ursaluna|0 fnt|[from] brn
|faint|p2a: Ursaluna
|upkeep
|
|t:|1685871416
|switch|p1a: Kleavor|Kleavor, F, shiny|100/100
|switch|p2a: Heatran|Heatran, F|100/100
|-damage|p2a: Heatran|88/100|[from] Stealth Rock
|turn|8
|
|t:|1685871420
|move|p1a: Kleavor|Close Combat|p2a: Heatran
|-supereffective|p2a: Heatran
|-damage|p2a: Heatran|13/100
|-unboost|p1a: Kleavor|def|1
|-unboost|p1a: Kleavor|spd|1
|move|p2a: Heatran|Magma Storm|p1a: Kleavor
|-damage|p1a: Kleavor|2/100
|-activate|p1a: Kleavor|move: Magma Storm|[of] p2a: Heatran
|
|-heal|p2a: Heatran|20/100|[from] item: Leftovers
|-damage|p1a: Kleavor|0 fnt|[from] move: Magma Storm|[partiallytrapped]
|faint|p1a: Kleavor
|upkeep
|
|t:|1685871424
|switch|p1a: Iron Moth|Iron Moth|100/100
|-enditem|p1a: Iron Moth|Booster Energy
|-activate|p1a: Iron Moth|ability: Quark Drive|[fromitem]
|-start|p1a: Iron Moth|quarkdrivespe
|turn|9
|
|t:|1685871433
|move|p1a: Iron Moth|Psychic|p2a: Heatran
|-resisted|p2a: Heatran
|-damage|p2a: Heatran|11/100
|move|p2a: Heatran|Earth Power|p1a: Iron Moth
|-supereffective|p1a: Iron Moth
|-damage|p1a: Iron Moth|0 fnt
|faint|p1a: Iron Moth
|-end|p1a: Iron Moth|Quark Drive|[silent]
|
|-heal|p2a: Heatran|17/100|[from] item: Leftovers
|upkeep
|c|☆eats your potato*|gg
|c|☆IrisBlaze|shit i thought that'd do more
|
|t:|1685871444
|switch|p1a: Gholdengo|Gholdengo|100/100
|turn|10
|c|☆eats your potato*|lmao heatran moment
|
|t:|1685871454
|-terastallize|p1a: Gholdengo|Flying
|move|p1a: Gholdengo|Thunder Wave|p2a: Heatran
|-status|p2a: Heatran|par
|move|p2a: Heatran|Earth Power|p1a: Gholdengo
|-immune|p1a: Gholdengo
|
|-heal|p2a: Heatran|23/100 par|[from] item: Leftovers
|upkeep
|turn|11
|
|t:|1685871459
|move|p1a: Gholdengo|Nasty Plot|p1a: Gholdengo
|-boost|p1a: Gholdengo|spa|2
|cant|p2a: Heatran|par
|
|-heal|p2a: Heatran|30/100 par|[from] item: Leftovers
|upkeep
|turn|12
|
|t:|1685871463
|move|p1a: Gholdengo|Hex|p2a: Heatran
|-damage|p2a: Heatran|0 fnt
|faint|p2a: Heatran
|
|upkeep
|
|t:|1685871478
|switch|p2a: Sneasler|Sneasler, M|100/100
|-damage|p2a: Sneasler|95/100|[from] Stealth Rock
|turn|13
|
|t:|1685871481
|move|p2a: Sneasler|Night Slash|p1a: Gholdengo
|-damage|p1a: Gholdengo|83/100
|move|p1a: Gholdengo|Thunder Wave|p2a: Sneasler
|-status|p2a: Sneasler|par
|
|-heal|p1a: Gholdengo|89/100|[from] item: Leftovers
|upkeep
|turn|14
|
|t:|1685871489
|move|p1a: Gholdengo|Hex|p2a: Sneasler
|-damage|p2a: Sneasler|0 fnt
|faint|p2a: Sneasler
|
|-heal|p1a: Gholdengo|95/100|[from] item: Leftovers
|upkeep
|
|t:|1685871496
|switch|p2a: Basculegion|Basculegion-F, F|44/100
|-damage|p2a: Basculegion|31/100|[from] Stealth Rock
|turn|15
|
|t:|1685871498
|-terastallize|p2a: Basculegion|Ground
|move|p1a: Gholdengo|Hex|p2a: Basculegion
|-damage|p2a: Basculegion|0 fnt
|faint|p2a: Basculegion
|
|-heal|p1a: Gholdengo|100/100|[from] item: Leftovers
|upkeep
|
|t:|1685871504
|switch|p2a: Samurott|Samurott-Hisui, M|100/100
|-damage|p2a: Samurott|88/100|[from] Stealth Rock
|turn|16
|
|t:|1685871509
|move|p2a: Samurott|Aqua Cutter|p1a: Gholdengo
|-damage|p1a: Gholdengo|68/100
|move|p1a: Gholdengo|Thunder Wave|p2a: Samurott
|-status|p2a: Samurott|par
|
|-heal|p1a: Gholdengo|74/100|[from] item: Leftovers
|upkeep
|turn|17
|c|☆eats your potato*|damn
|
|t:|1685871516
|move|p2a: Samurott|Aqua Cutter|p1a: Gholdengo
|-damage|p1a: Gholdengo|41/100
|move|p1a: Gholdengo|Recover|p1a: Gholdengo
|-heal|p1a: Gholdengo|91/100
|
|-heal|p1a: Gholdengo|97/100|[from] item: Leftovers
|upkeep
|turn|18
|
|t:|1685871520
|move|p2a: Samurott|Aqua Cutter|p1a: Gholdengo
|-damage|p1a: Gholdengo|62/100
|move|p1a: Gholdengo|Hex|p2a: Samurott
|-resisted|p2a: Samurott
|-damage|p2a: Samurott|0 fnt
|faint|p2a: Samurott
|
|-heal|p1a: Gholdengo|68/100|[from] item: Leftovers
|upkeep
|
|t:|1685871522
|switch|p2a: Great Tusk|Great Tusk|77/100 psn
|-damage|p2a: Great Tusk|74/100 psn|[from] Stealth Rock
|turn|19
|
|t:|1685871526
|move|p2a: Great Tusk|Knock Off|p1a: Gholdengo
|-damage|p1a: Gholdengo|51/100
|-enditem|p1a: Gholdengo|Leftovers|[from] move: Knock Off|[of] p2a: Great Tusk
|move|p1a: Gholdengo|Hex|p2a: Great Tusk
|-damage|p2a: Great Tusk|0 fnt
|faint|p2a: Great Tusk
|-end|p2a: Great Tusk|Protosynthesis|[silent]
|
|win|IrisBlaze
|raw|IrisBlaze's rating: 1375 → 1401(+26 for winning)
|raw|eats your potato*'s rating: 1489 → 1463(-26 for losing)
|l|☆eats your potato*
|c|☆IrisBlaze|no fucking shot i won that
