|j|☆Jixel
|j|☆Lux2821
|t:|1685842654
|gametype|singles
|player|p1|Jixel|giovanni|
|player|p2|Lux2821|lusamine-nihilego|
|teamsize|p1|6
|teamsize|p2|6
|gen|9
|tier|[Gen 9] OU
|rule|Sleep Clause Mod: Limit one foe put to sleep
|rule|Species Clause: Limit one of each Pokémon
|rule|OHKO Clause: OHKO moves are banned
|rule|Evasion Items Clause: Evasion items are banned
|rule|Evasion Moves Clause: Evasion moves are banned
|rule|Endless Battle Clause: Forcing endless battles is banned
|rule|HP Percentage Mod: HP is shown in percentages
|clearpoke
|poke|p1|Pelipper, F|
|poke|p1|Basculegion, M|
|poke|p1|Rillaboom, M|
|poke|p1|Sneasler, M|
|poke|p1|Magearna|
|poke|p1|Great Tusk|
|poke|p2|Kleavor, M|
|poke|p2|Enamorus, F|
|poke|p2|Articuno-Galar|
|poke|p2|Lilligant-Hisui, F|
|poke|p2|Goodra-Hisui, M|
|poke|p2|Arcanine-Hisui, F|
|teampreview
|inactive|Battle timer is ON: inactive players will automatically lose when time's up. (requested by Lux2821)
|j| Lurlsxd
|
|t:|1685842682
|start
|switch|p1a: Pelipper|Pelipper, F|100/100
|switch|p2a: Anti Rotom|Arcanine-Hisui, F|100/100
|-weather|RainDance|[from] ability: Drizzle|[of] p1a: Pelipper
|turn|1
|
|t:|1685842690
|switch|p1a: Great Tusk|Great Tusk|100/100
|move|p2a: Anti Rotom|Head Smash|p1a: Great Tusk
|-resisted|p1a: Great Tusk
|-damage|p1a: Great Tusk|92/100
|
|-weather|RainDance|[upkeep]
|-heal|p1a: Great Tusk|98/100|[from] item: Leftovers
|upkeep
|turn|2
|
|t:|1685842698
|switch|p2a: El Kun|Articuno-Galar|100/100
|move|p1a: Great Tusk|Bulk Up|p1a: Great Tusk
|-boost|p1a: Great Tusk|atk|1
|-boost|p1a: Great Tusk|def|1
|
|-weather|RainDance|[upkeep]
|-heal|p1a: Great Tusk|100/100|[from] item: Leftovers
|upkeep
|turn|3
|
|t:|1685842713
|-end|p1a: Great Tusk|Protosynthesis|[silent]
|switch|p1a: Magearna|Magearna|100/100
|move|p2a: El Kun|Tailwind|p2a: El Kun
|-sidestart|p2: Lux2821|move: Tailwind
|
|-weather|RainDance|[upkeep]
|upkeep
|turn|4
|
|t:|1685842725
|move|p2a: El Kun|Hurricane|p1a: Magearna
|-resisted|p1a: Magearna
|-damage|p1a: Magearna|76/100
|-start|p1a: Magearna|confusion
|-activate|p1a: Magearna|confusion
|move|p1a: Magearna|Iron Defense|p1a: Magearna
|-boost|p1a: Magearna|def|2
|
|-weather|RainDance|[upkeep]
|-heal|p1a: Magearna|82/100|[from] item: Leftovers
|upkeep
|turn|5
|
|t:|1685842733
|switch|p2a: Viamor|Enamorus, F|100/100
|-activate|p1a: Magearna|confusion
|move|p1a: Magearna|Calm Mind|p1a: Magearna
|-boost|p1a: Magearna|spa|1
|-boost|p1a: Magearna|spd|1
|
|-weather|RainDance|[upkeep]
|-heal|p1a: Magearna|88/100|[from] item: Leftovers
|upkeep
|turn|6
|
|t:|1685842744
|-terastallize|p2a: Viamor|Steel
|move|p2a: Viamor|Earth Power|p1a: Magearna
|-supereffective|p1a: Magearna
|-damage|p1a: Magearna|51/100
|-end|p1a: Magearna|confusion
|move|p1a: Magearna|Calm Mind|p1a: Magearna
|-boost|p1a: Magearna|spa|1
|-boost|p1a: Magearna|spd|1
|
|-weather|RainDance|[upkeep]
|-heal|p1a: Magearna|58/100|[from] item: Leftovers
|-sideend|p2: Lux2821|move: Tailwind
|upkeep
|turn|7
|
|t:|1685842754
|move|p2a: Viamor|Calm Mind|p2a: Viamor
|-boost|p2a: Viamor|spa|1
|-boost|p2a: Viamor|spd|1
|move|p1a: Magearna|Draining Kiss|p2a: Viamor
|-resisted|p2a: Viamor
|-damage|p2a: Viamor|73/100
|-heal|p1a: Magearna|74/100|[from] drain|[of] p2a: Viamor
|
|-weather|RainDance|[upkeep]
|-heal|p2a: Viamor|79/100|[from] item: Leftovers
|-heal|p1a: Magearna|80/100|[from] item: Leftovers
|upkeep
|turn|8
|
|t:|1685842764
|move|p2a: Viamor|Earth Power|p1a: Magearna
|-supereffective|p1a: Magearna
|-damage|p1a: Magearna|43/100
|move|p1a: Magearna|Calm Mind|p1a: Magearna
|-boost|p1a: Magearna|spa|1
|-boost|p1a: Magearna|spd|1
|
|-weather|none
|-heal|p2a: Viamor|86/100|[from] item: Leftovers
|-heal|p1a: Magearna|49/100|[from] item: Leftovers
|upkeep
|turn|9
|
|t:|1685842775
|move|p2a: Viamor|Calm Mind|p2a: Viamor
|-boost|p2a: Viamor|spa|1
|-boost|p2a: Viamor|spd|1
|move|p1a: Magearna|Draining Kiss|p2a: Viamor
|-resisted|p2a: Viamor
|-damage|p2a: Viamor|59/100
|-heal|p1a: Magearna|65/100|[from] drain|[of] p2a: Viamor
|
|-heal|p2a: Viamor|66/100|[from] item: Leftovers
|-heal|p1a: Magearna|71/100|[from] item: Leftovers
|upkeep
|turn|10
|
|t:|1685842784
|move|p2a: Viamor|Mystical Fire|p1a: Magearna
|-supereffective|p1a: Magearna
|-damage|p1a: Magearna|38/100
|-unboost|p1a: Magearna|spa|1
|move|p1a: Magearna|Calm Mind|p1a: Magearna
|-boost|p1a: Magearna|spa|1
|-boost|p1a: Magearna|spd|1
|
|-heal|p2a: Viamor|72/100|[from] item: Leftovers
|-heal|p1a: Magearna|44/100|[from] item: Leftovers
|upkeep
|turn|11
|c| Lurlsxd|JUST TERA U FKN BLAKC ASS
|
|t:|1685842801
|-terastallize|p1a: Magearna|Psychic
|move|p2a: Viamor|Mystical Fire|p1a: Magearna
|-damage|p1a: Magearna|30/100
|-unboost|p1a: Magearna|spa|1
|move|p1a: Magearna|Stored Power|p2a: Viamor
|-resisted|p2a: Viamor
|-damage|p2a: Viamor|0 fnt
|faint|p2a: Viamor
|-ability|p1a: Magearna|Soul-Heart|boost
|-boost|p1a: Magearna|spa|1
|
|-heal|p1a: Magearna|36/100|[from] item: Leftovers
|upkeep
|
|t:|1685842811
|switch|p2a: The Cooler Scizor|Kleavor, M, shiny|100/100
|turn|12
|
|t:|1685842821
|move|p2a: The Cooler Scizor|Stone Axe|p1a: Magearna
|-damage|p1a: Magearna|15/100
|-sidestart|p1: Jixel|move: Stealth Rock
|move|p1a: Magearna|Draining Kiss|p2a: The Cooler Scizor
|-damage|p2a: The Cooler Scizor|0 fnt
|-heal|p1a: Magearna|73/100|[from] drain|[of] p2a: The Cooler Scizor
|faint|p2a: The Cooler Scizor
|-ability|p1a: Magearna|Soul-Heart|boost
|-boost|p1a: Magearna|spa|1
|
|-heal|p1a: Magearna|79/100|[from] item: Leftovers
|upkeep
|
|t:|1685842831
|switch|p2a: Dance On Em|Lilligant-Hisui, F, shiny|100/100
|turn|13
|
|t:|1685842837
|move|p2a: Dance On Em|Victory Dance|p2a: Dance On Em
|-boost|p2a: Dance On Em|atk|1
|-boost|p2a: Dance On Em|def|1
|-boost|p2a: Dance On Em|spe|1
|move|p1a: Magearna|Draining Kiss|p2a: Dance On Em
|-supereffective|p2a: Dance On Em
|-damage|p2a: Dance On Em|0 fnt
|-heal|p1a: Magearna|100/100|[from] drain|[of] p2a: Dance On Em
|faint|p2a: Dance On Em
|-ability|p1a: Magearna|Soul-Heart|boost
|-boost|p1a: Magearna|spa|1
|
|upkeep
|
|t:|1685842839
|switch|p2a: El Kun|Articuno-Galar|100/100
|turn|14
|
|t:|1685842848
|move|p2a: El Kun|Shadow Ball|p1a: Magearna
|-supereffective|p1a: Magearna
|-damage|p1a: Magearna|82/100
|move|p1a: Magearna|Draining Kiss|p2a: El Kun
|-damage|p2a: El Kun|19/100
|-heal|p1a: Magearna|100/100|[from] drain|[of] p2a: El Kun
|
|upkeep
|turn|15
|
|t:|1685842855
|move|p2a: El Kun|Shadow Ball|p1a: Magearna
|-supereffective|p1a: Magearna
|-damage|p1a: Magearna|83/100
|move|p1a: Magearna|Draining Kiss|p2a: El Kun
|-crit|p2a: El Kun
|-damage|p2a: El Kun|0 fnt
|-heal|p1a: Magearna|98/100|[from] drain|[of] p2a: El Kun
|faint|p2a: El Kun
|-ability|p1a: Magearna|Soul-Heart|boost
|-boost|p1a: Magearna|spa|1
|
|-heal|p1a: Magearna|100/100|[from] item: Leftovers
|upkeep
|
|t:|1685842863
|switch|p2a: Shell Shocker|Goodra-Hisui, M|100/100
|turn|16
|inactive|Jixel has 270 seconds left.
|
|t:|1685842898
|move|p1a: Magearna|Stored Power|p2a: Shell Shocker
|-resisted|p2a: Shell Shocker
|-damage|p2a: Shell Shocker|0 fnt
|faint|p2a: Shell Shocker
|
|upkeep
|
|t:|1685842902
|switch|p2a: Anti Rotom|Arcanine-Hisui, F|100/100
|turn|17
|
|t:|1685842905
|move|p2a: Anti Rotom|Head Smash|p1a: Magearna
|-damage|p1a: Magearna|73/100
|move|p1a: Magearna|Stored Power|p2a: Anti Rotom
|-damage|p2a: Anti Rotom|0 fnt
|faint|p2a: Anti Rotom
|
|win|Jixel
|l|☆Lux2821
|l|☆Jixel
