|j|☆azzizaaz
|j|☆L49b
|t:|1685884186
|gametype|singles
|player|p1|azzizaaz|pokemonranger-gen4|1309
|player|p2|L49b|101|1262
|teamsize|p1|6
|teamsize|p2|6
|gen|9
|tier|[Gen 9] OU
|rated|
|rule|Sleep Clause Mod: Limit one foe put to sleep
|rule|Species Clause: Limit one of each Pokémon
|rule|OHKO Clause: OHKO moves are banned
|rule|Evasion Items Clause: Evasion items are banned
|rule|Evasion Moves Clause: Evasion moves are banned
|rule|Endless Battle Clause: Forcing endless battles is banned
|rule|HP Percentage Mod: HP is shown in percentages
|clearpoke
|poke|p1|Samurott-Hisui, M|
|poke|p1|Dragapult, M|
|poke|p1|Sneasler, F|
|poke|p1|Magearna|
|poke|p1|Volcarona, M|
|poke|p1|Zamazenta-*|
|poke|p2|Great Tusk|
|poke|p2|Basculegion, M|
|poke|p2|Pelipper, M|
|poke|p2|Overqwil, M|
|poke|p2|Urshifu-*, M|
|poke|p2|Tornadus-Therian, M|
|teampreview
|
|t:|1685884214
|start
|switch|p1a: Dragapult|Dragapult, M|100/100
|switch|p2a: Urshifu|Urshifu-Rapid-Strike, M|100/100
|turn|1
|
|t:|1685884238
|-terastallize|p2a: Urshifu|Steel
|move|p2a: Urshifu|Ice Spinner|p1a: Dragapult
|-supereffective|p1a: Dragapult
|-damage|p1a: Dragapult|33/100
|move|p1a: Dragapult|Reflect|p1a: Dragapult
|-sidestart|p1: azzizaaz|Reflect
|
|upkeep
|turn|2
|
|t:|1685884249
|switch|p2a: Pelipper|Pelipper, M|100/100
|-weather|RainDance|[from] ability: Drizzle|[of] p2a: Pelipper
|switch|p1a: Magearna|Magearna|100/100
|
|-weather|RainDance|[upkeep]
|upkeep
|turn|3
|
|t:|1685884264
|move|p1a: Magearna|Iron Defense|p1a: Magearna
|-boost|p1a: Magearna|def|2
|move|p2a: Pelipper|Knock Off|p1a: Magearna
|-resisted|p1a: Magearna
|-damage|p1a: Magearna|99/100
|-enditem|p1a: Magearna|Leftovers|[from] move: Knock Off|[of] p2a: Pelipper
|
|-weather|RainDance|[upkeep]
|upkeep
|turn|4
|
|t:|1685884273
|move|p1a: Magearna|Iron Defense|p1a: Magearna
|-boost|p1a: Magearna|def|2
|move|p2a: Pelipper|U-turn|p1a: Magearna
|-resisted|p1a: Magearna
|-damage|p1a: Magearna|99/100
|
|t:|1685884291
|switch|p2a: Overqwil|Overqwil, M|100/100|[from] U-turn
|
|-weather|RainDance|[upkeep]
|upkeep
|turn|5
|
|t:|1685884299
|move|p2a: Overqwil|Taunt|p1a: Magearna
|-start|p1a: Magearna|move: Taunt
|cant|p1a: Magearna|move: Taunt|Calm Mind
|
|-weather|RainDance|[upkeep]
|upkeep
|turn|6
|
|t:|1685884306
|move|p2a: Overqwil|Toxic Spikes|p1a: Magearna
|-sidestart|p1: azzizaaz|move: Toxic Spikes
|move|p1a: Magearna|Draining Kiss|p2a: Overqwil
|-damage|p2a: Overqwil|71/100
|-heal|p1a: Magearna|100/100|[from] drain|[of] p2a: Overqwil
|
|-weather|RainDance|[upkeep]
|-heal|p2a: Overqwil|77/100|[from] item: Leftovers
|upkeep
|turn|7
|
|t:|1685884313
|move|p2a: Overqwil|Toxic Spikes|p1a: Magearna
|-sidestart|p1: azzizaaz|move: Toxic Spikes
|move|p1a: Magearna|Draining Kiss|p2a: Overqwil
|-damage|p2a: Overqwil|51/100
|
|-weather|RainDance|[upkeep]
|-heal|p2a: Overqwil|57/100|[from] item: Leftovers
|-end|p1a: Magearna|move: Taunt
|upkeep
|turn|8
|
|t:|1685884319
|move|p2a: Overqwil|Taunt|p1a: Magearna
|-start|p1a: Magearna|move: Taunt
|move|p1a: Magearna|Draining Kiss|p2a: Overqwil
|-damage|p2a: Overqwil|29/100
|
|-weather|RainDance|[upkeep]
|-heal|p2a: Overqwil|35/100|[from] item: Leftovers
|-sideend|p1: azzizaaz|Reflect
|upkeep
|turn|9
|
|t:|1685884333
|move|p2a: Overqwil|Taunt||[still]
|-fail|p2a: Overqwil
|move|p1a: Magearna|Draining Kiss|p2a: Overqwil
|-damage|p2a: Overqwil|6/100
|
|-weather|none
|-heal|p2a: Overqwil|12/100|[from] item: Leftovers
|upkeep
|turn|10
|
|t:|1685884342
|move|p2a: Overqwil|Destiny Bond|p2a: Overqwil
|-singlemove|p2a: Overqwil|Destiny Bond
|move|p1a: Magearna|Draining Kiss|p2a: Overqwil
|-damage|p2a: Overqwil|0 fnt
|faint|p2a: Overqwil
|-ability|p1a: Magearna|Soul-Heart|boost
|-boost|p1a: Magearna|spa|1
|-activate|p2a: Overqwil|move: Destiny Bond
|faint|p1a: Magearna
|
|upkeep
|
|t:|1685884370
|switch|p2a: Pelipper|Pelipper, M|100/100
|switch|p1a: Sneasler|Sneasler, F|100/100
|-item|p1a: Sneasler|Air Balloon
|-weather|RainDance|[from] ability: Drizzle|[of] p2a: Pelipper
|turn|11
|
|t:|1685884394
|move|p1a: Sneasler|Dire Claw|p2a: Pelipper
|-damage|p2a: Pelipper|62/100
|-status|p2a: Pelipper|slp
|cant|p2a: Pelipper|slp
|
|-weather|RainDance|[upkeep]
|upkeep
|turn|12
|
|t:|1685884410
|switch|p2a: Great Tusk|Great Tusk|100/100
|move|p1a: Sneasler|Close Combat|p2a: Great Tusk
|-damage|p2a: Great Tusk|68/100
|-unboost|p1a: Sneasler|def|1
|-unboost|p1a: Sneasler|spd|1
|
|-weather|RainDance|[upkeep]
|-heal|p2a: Great Tusk|74/100|[from] item: Leftovers
|upkeep
|turn|13
|
|t:|1685884423
|move|p1a: Sneasler|Swords Dance|p1a: Sneasler
|-boost|p1a: Sneasler|atk|2
|move|p2a: Great Tusk|Rapid Spin|p1a: Sneasler
|-damage|p1a: Sneasler|66/100
|-boost|p2a: Great Tusk|spe|1
|-enditem|p1a: Sneasler|Air Balloon
|
|-weather|RainDance|[upkeep]
|-heal|p2a: Great Tusk|80/100|[from] item: Leftovers
|upkeep
|turn|14
|
|t:|1685884434
|move|p1a: Sneasler|Acrobatics|p2a: Great Tusk
|-supereffective|p2a: Great Tusk
|-damage|p2a: Great Tusk|4/100
|move|p2a: Great Tusk|Earthquake|p1a: Sneasler
|-supereffective|p1a: Sneasler
|-damage|p1a: Sneasler|0 fnt
|faint|p1a: Sneasler
|
|-weather|RainDance|[upkeep]
|-heal|p2a: Great Tusk|10/100|[from] item: Leftovers
|upkeep
|
|t:|1685884447
|switch|p1a: Samurott|Samurott-Hisui, M|100/100
|-status|p1a: Samurott|tox
|turn|15
|
|t:|1685884475
|move|p1a: Samurott|Aqua Jet|p2a: Great Tusk
|-supereffective|p2a: Great Tusk
|-damage|p2a: Great Tusk|0 fnt
|faint|p2a: Great Tusk
|-end|p2a: Great Tusk|Protosynthesis|[silent]
|
|-weather|RainDance|[upkeep]
|-damage|p1a: Samurott|94/100 tox|[from] psn
|upkeep
|
|t:|1685884478
|switch|p2a: Urshifu|Urshifu-Rapid-Strike, M, tera:Steel|100/100
|turn|16
|
|t:|1685884486
|switch|p1a: Dragapult|Dragapult, M|33/100
|-status|p1a: Dragapult|tox
|move|p2a: Urshifu|U-turn|p1a: Dragapult
|-resisted|p1a: Dragapult
|-damage|p1a: Dragapult|19/100 tox
|
|t:|1685884493
|switch|p2a: Basculegion|Basculegion, M|100/100|[from] U-turn
|
|-weather|RainDance|[upkeep]
|-damage|p1a: Dragapult|13/100 tox|[from] psn
|upkeep
|turn|17
|
|t:|1685884497
|move|p2a: Basculegion|Wave Crash|p1a: Dragapult
|-resisted|p1a: Dragapult
|-damage|p1a: Dragapult|0 fnt
|-start|p2a: Basculegion|Disable|Wave Crash|[from] ability: Cursed Body|[of] p1a: Dragapult
|faint|p1a: Dragapult
|-damage|p2a: Basculegion|96/100|[from] Recoil
|
|-weather|RainDance|[upkeep]
|upkeep
|
|t:|1685884505
|switch|p1a: Zamazenta|Zamazenta-Crowned|100/100
|-ability|p1a: Zamazenta|Dauntless Shield|boost
|-boost|p1a: Zamazenta|def|1
|turn|18
|
|t:|1685884513
|switch|p2a: Tornadus|Tornadus-Therian, M|100/100
|move|p1a: Zamazenta|Iron Defense|p1a: Zamazenta
|-boost|p1a: Zamazenta|def|2
|
|-weather|none
|upkeep
|turn|19
|
|t:|1685884526
|move|p1a: Zamazenta|Iron Defense|p1a: Zamazenta
|-boost|p1a: Zamazenta|def|2
|move|p2a: Tornadus|Focus Blast|p1a: Zamazenta
|-supereffective|p1a: Zamazenta
|-damage|p1a: Zamazenta|54/100
|
|upkeep
|turn|20
|
|t:|1685884537
|move|p1a: Zamazenta|Body Press|p2a: Tornadus
|-resisted|p2a: Tornadus
|-damage|p2a: Tornadus|16/100
|move|p2a: Tornadus|Focus Blast|p1a: Zamazenta
|-supereffective|p1a: Zamazenta
|-damage|p1a: Zamazenta|3/100
|-unboost|p1a: Zamazenta|spd|1
|
|upkeep
|turn|21
|
|t:|1685884547
|switch|p2a: Pelipper|Pelipper, M|62/100 slp
|-weather|RainDance|[from] ability: Drizzle|[of] p2a: Pelipper
|move|p1a: Zamazenta|Body Press|p2a: Pelipper
|-resisted|p2a: Pelipper
|-damage|p2a: Pelipper|8/100 slp
|
|-weather|RainDance|[upkeep]
|upkeep
|turn|22
|
|t:|1685884567
|switch|p2a: Basculegion|Basculegion, M|96/100
|move|p1a: Zamazenta|Body Press|p2a: Basculegion
|-immune|p2a: Basculegion
|
|-weather|RainDance|[upkeep]
|upkeep
|turn|23
|
|t:|1685884576
|move|p2a: Basculegion|Wave Crash|p1a: Zamazenta
|-damage|p1a: Zamazenta|0 fnt
|faint|p1a: Zamazenta
|-damage|p2a: Basculegion|96/100|[from] Recoil
|
|-weather|RainDance|[upkeep]
|upkeep
|
|t:|1685884579
|switch|p1a: Samurott|Samurott-Hisui, M|94/100 tox
|turn|24
|
|t:|1685884593
|move|p2a: Basculegion|Wave Crash|p1a: Samurott
|-resisted|p1a: Samurott
|-damage|p1a: Samurott|7/100 tox
|-damage|p2a: Basculegion|71/100|[from] Recoil
|move|p1a: Samurott|Razor Shell|p2a: Basculegion
|-resisted|p2a: Basculegion
|-damage|p2a: Basculegion|13/100
|-unboost|p2a: Basculegion|def|1
|
|-weather|RainDance|[upkeep]
|-damage|p1a: Samurott|1/100 tox|[from] psn
|upkeep
|turn|25
|
|t:|1685884618
|move|p2a: Basculegion|Wave Crash|p1a: Samurott
|-resisted|p1a: Samurott
|-damage|p1a: Samurott|0 fnt
|faint|p1a: Samurott
|-damage|p2a: Basculegion|13/100|[from] Recoil
|
|-weather|RainDance|[upkeep]
|upkeep
|
|t:|1685884623
|switch|p1a: Volcarona|Volcarona, M|100/100
|turn|26
|
|t:|1685884628
|move|p2a: Basculegion|Wave Crash|p1a: Volcarona
|-supereffective|p1a: Volcarona
|-damage|p1a: Volcarona|0 fnt
|faint|p1a: Volcarona
|-damage|p2a: Basculegion|0 fnt|[from] Recoil
|faint|p2a: Basculegion
|
|win|L49b
|raw|azzizaaz's rating: 1309 → 1286(-23 for losing)
|raw|L49b's rating: 1262 → 1290(+28 for winning)
|l|☆azzizaaz
