|j|☆jay9ne
|j|☆ptdr chui eau sol
|t:|1685900480
|gametype|singles
|player|p1|jay9ne|waiter|1325
|player|p2|ptdr chui eau sol|clown|1255
|teamsize|p1|6
|teamsize|p2|6
|gen|9
|tier|[Gen 9] OU
|rated|
|rule|Sleep Clause Mod: Limit one foe put to sleep
|rule|Species Clause: Limit one of each Pokémon
|rule|OHKO Clause: OHKO moves are banned
|rule|Evasion Items Clause: Evasion items are banned
|rule|Evasion Moves Clause: Evasion moves are banned
|rule|Endless Battle Clause: Forcing endless battles is banned
|rule|HP Percentage Mod: HP is shown in percentages
|clearpoke
|poke|p1|Sneasler, F|
|poke|p1|Moltres-Galar|
|poke|p1|Dragonite, F|
|poke|p1|Dragapult, F|
|poke|p1|Magearna|
|poke|p1|Glimmora, M|
|poke|p2|Corviknight, M|
|poke|p2|Landorus-Therian, M|
|poke|p2|Enamorus, F|
|poke|p2|Zamazenta-*|
|poke|p2|Walking Wake|
|poke|p2|Slowking-Galar, F|
|teampreview
|inactive|Battle timer is ON: inactive players will automatically lose when time's up. (requested by ptdr chui eau sol)
|
|t:|1685900495
|start
|switch|p1a: 5'7 I'm Messi girl|Glimmora, M|100/100
|switch|p2a: Enamorus|Enamorus, F|100/100
|turn|1
|
|t:|1685900508
|move|p2a: Enamorus|Earth Power|p1a: 5'7 I'm Messi girl
|-supereffective|p1a: 5'7 I'm Messi girl
|-enditem|p1a: 5'7 I'm Messi girl|Focus Sash
|-damage|p1a: 5'7 I'm Messi girl|1/100
|move|p1a: 5'7 I'm Messi girl|Power Gem|p2a: Enamorus
|-supereffective|p2a: Enamorus
|-damage|p2a: Enamorus|0 fnt
|faint|p2a: Enamorus
|
|upkeep
|l|☆ptdr chui eau sol
|inactive|ptdr chui eau sol disconnected and has a minute to reconnect!
|player|p2|
|inactive|ptdr chui eau sol has 30 seconds to reconnect!
|inactive|ptdr chui eau sol has 20 seconds to reconnect!
|inactive|ptdr chui eau sol has 15 seconds to reconnect!
|inactive|ptdr chui eau sol has 10 seconds to reconnect!
|inactive|ptdr chui eau sol has 5 seconds to reconnect!
|-message|ptdr chui eau sol lost due to inactivity.
|
|win|jay9ne
|raw|jay9ne's rating: 1325 → 1341(+16 for winning)
|raw|ptdr chui eau sol's rating: 1255 → 1235(-20 for losing)
