|j|☆Arcus72
|j|☆Maleson
|t:|1685929818
|gametype|singles
|player|p1|Arcus72|lady|
|player|p2|Maleson|clown|
|teamsize|p1|6
|teamsize|p2|6
|gen|9
|tier|[Gen 9] OU
|rule|Sleep Clause Mod: Limit one foe put to sleep
|rule|Species Clause: Limit one of each Pokémon
|rule|OHKO Clause: OHKO moves are banned
|rule|Evasion Items Clause: Evasion items are banned
|rule|Evasion Moves Clause: Evasion moves are banned
|rule|Endless Battle Clause: Forcing endless battles is banned
|rule|HP Percentage Mod: HP is shown in percentages
|clearpoke
|poke|p1|Lilligant-Hisui, F|
|poke|p1|Garganacl, M|
|poke|p1|Ursaluna, F|
|poke|p1|Delphox, F|
|poke|p1|Glimmora, F|
|poke|p1|Zamazenta-*|
|poke|p2|Great Tusk|
|poke|p2|Ursaluna, M|
|poke|p2|Sneasler, M|
|poke|p2|Walking Wake|
|poke|p2|Torkoal, M|
|poke|p2|Chien-Pao|
|teampreview
|
|t:|1685929860
|start
|switch|p1a: Poison flower|Glimmora, F, shiny|100/100
|switch|p2a: Torkoal|Torkoal, M|100/100
|-weather|SunnyDay|[from] ability: Drought|[of] p2a: Torkoal
|turn|1
|
|t:|1685929867
|move|p1a: Poison flower|Stealth Rock|p2a: Torkoal
|-sidestart|p2: Maleson|move: Stealth Rock
|move|p2a: Torkoal|Stealth Rock|p1a: Poison flower
|-sidestart|p1: Arcus72|move: Stealth Rock
|
|-weather|SunnyDay|[upkeep]
|upkeep
|turn|2
|
|t:|1685929879
|switch|p1a: raoar|Ursaluna, F|100/100
|-damage|p1a: raoar|94/100|[from] Stealth Rock
|move|p2a: Torkoal|Rapid Spin|p1a: raoar
|-damage|p1a: raoar|88/100
|-boost|p2a: Torkoal|spe|1
|-sideend|p2: Maleson|Stealth Rock|[from] move: Rapid Spin|[of] p2a: Torkoal
|
|-weather|SunnyDay|[upkeep]
|-status|p1a: raoar|brn|[from] item: Flame Orb
|upkeep
|turn|3
|
|t:|1685929887
|move|p1a: raoar|Bulk Up|p1a: raoar
|-boost|p1a: raoar|atk|1
|-boost|p1a: raoar|def|1
|move|p2a: Torkoal|Lava Plume|p1a: raoar
|-damage|p1a: raoar|56/100 brn
|
|-weather|SunnyDay|[upkeep]
|-damage|p1a: raoar|50/100 brn|[from] brn
|upkeep
|turn|4
|
|t:|1685929901
|switch|p2a: Walking Wake|Walking Wake|100/100
|-activate|p2a: Walking Wake|ability: Protosynthesis
|-start|p2a: Walking Wake|protosynthesisspe
|move|p1a: raoar|Drain Punch|p2a: Walking Wake
|-damage|p2a: Walking Wake|22/100
|-heal|p1a: raoar|79/100 brn|[from] drain|[of] p2a: Walking Wake
|
|-weather|SunnyDay|[upkeep]
|-damage|p1a: raoar|73/100 brn|[from] brn
|upkeep
|turn|5
|
|t:|1685929916
|switch|p1a: plant woman|Lilligant-Hisui, F|100/100
|-damage|p1a: plant woman|94/100|[from] Stealth Rock
|move|p2a: Walking Wake|Hydro Steam|p1a: plant woman
|-resisted|p1a: plant woman
|-damage|p1a: plant woman|23/100
|
|-weather|SunnyDay|[upkeep]
|upkeep
|turn|6
|
|t:|1685929926
|move|p2a: Walking Wake|Hydro Steam|p1a: plant woman
|-resisted|p1a: plant woman
|-damage|p1a: plant woman|0 fnt
|faint|p1a: plant woman
|
|-weather|SunnyDay|[upkeep]
|upkeep
|
|t:|1685929932
|switch|p1a: doggy woof woof|Zamazenta-Crowned|100/100
|-damage|p1a: doggy woof woof|97/100|[from] Stealth Rock
|-ability|p1a: doggy woof woof|Dauntless Shield|boost
|-boost|p1a: doggy woof woof|def|1
|turn|7
|
|t:|1685929949
|-end|p2a: Walking Wake|Protosynthesis|[silent]
|switch|p2a: Sneasler|Sneasler, M|100/100
|-item|p2a: Sneasler|Air Balloon
|move|p1a: doggy woof woof|Play Rough|p2a: Sneasler
|-damage|p2a: Sneasler|49/100
|-enditem|p2a: Sneasler|Air Balloon
|
|-weather|SunnyDay|[upkeep]
|upkeep
|turn|8
|
|t:|1685929973
|move|p2a: Sneasler|Close Combat|p1a: doggy woof woof
|-supereffective|p1a: doggy woof woof
|-damage|p1a: doggy woof woof|37/100
|-unboost|p2a: Sneasler|def|1
|-unboost|p2a: Sneasler|spd|1
|move|p1a: doggy woof woof|Iron Defense|p1a: doggy woof woof
|-boost|p1a: doggy woof woof|def|2
|
|-weather|none
|upkeep
|turn|9
|
|t:|1685929990
|move|p2a: Sneasler|Close Combat|p1a: doggy woof woof
|-supereffective|p1a: doggy woof woof
|-damage|p1a: doggy woof woof|0 fnt
|-unboost|p2a: Sneasler|def|1
|-unboost|p2a: Sneasler|spd|1
|faint|p1a: doggy woof woof
|
|upkeep
|
|t:|1685929995
|switch|p1a: witch which|Delphox, F|100/100
|-damage|p1a: witch which|76/100|[from] Stealth Rock
|turn|10
|
|t:|1685930002
|move|p2a: Sneasler|Acrobatics|p1a: witch which
|-damage|p1a: witch which|10/100
|move|p1a: witch which|Psychic|p2a: Sneasler
|-supereffective|p2a: Sneasler
|-damage|p2a: Sneasler|0 fnt
|faint|p2a: Sneasler
|-damage|p1a: witch which|0 fnt|[from] item: Life Orb
|faint|p1a: witch which
|
|upkeep
|
|t:|1685930012
|switch|p2a: Torkoal|Torkoal, M|100/100
|switch|p1a: Poison flower|Glimmora, F, shiny|100/100
|-damage|p1a: Poison flower|88/100|[from] Stealth Rock
|-weather|SunnyDay|[from] ability: Drought|[of] p2a: Torkoal
|turn|11
|
|t:|1685930045
|move|p1a: Poison flower|Stealth Rock|p2a: Torkoal
|-sidestart|p2: Maleson|move: Stealth Rock
|move|p2a: Torkoal|Lava Plume|p1a: Poison flower
|-resisted|p1a: Poison flower
|-damage|p1a: Poison flower|64/100
|-status|p1a: Poison flower|brn
|
|-weather|SunnyDay|[upkeep]
|-damage|p1a: Poison flower|58/100 brn|[from] brn
|upkeep
|turn|12
|
|t:|1685930051
|move|p1a: Poison flower|Mortal Spin|p2a: Torkoal
|-damage|p2a: Torkoal|99/100
|-status|p2a: Torkoal|psn
|-sideend|p1: Arcus72|Stealth Rock|[from] move: Mortal Spin|[of] p1a: Poison flower
|move|p2a: Torkoal|Rapid Spin|p1a: Poison flower
|-resisted|p1a: Poison flower
|-damage|p1a: Poison flower|53/100 brn
|-boost|p2a: Torkoal|spe|1
|-activate|p1a: Poison flower|ability: Toxic Debris
|-sidestart|p2: Maleson|move: Toxic Spikes
|-sideend|p2: Maleson|Toxic Spikes|[from] move: Rapid Spin|[of] p2a: Torkoal
|-sideend|p2: Maleson|Stealth Rock|[from] move: Rapid Spin|[of] p2a: Torkoal
|
|-weather|SunnyDay|[upkeep]
|-damage|p2a: Torkoal|87/100 psn|[from] psn
|-damage|p1a: Poison flower|46/100 brn|[from] brn
|upkeep
|turn|13
|
|t:|1685930057
|move|p1a: Poison flower|Earth Power|p2a: Torkoal
|-supereffective|p2a: Torkoal
|-damage|p2a: Torkoal|10/100 psn
|move|p2a: Torkoal|Stealth Rock|p1a: Poison flower
|-sidestart|p1: Arcus72|move: Stealth Rock
|
|-weather|SunnyDay|[upkeep]
|-damage|p2a: Torkoal|0 fnt|[from] psn
|faint|p2a: Torkoal
|-damage|p1a: Poison flower|40/100 brn|[from] brn
|upkeep
|
|t:|1685930073
|switch|p2a: Chien-Pao|Chien-Pao|100/100
|-ability|p2a: Chien-Pao|Sword of Ruin
|turn|14
|
|t:|1685930076
|move|p2a: Chien-Pao|Sacred Sword|p1a: Poison flower
|-damage|p1a: Poison flower|0 fnt
|-activate|p1a: Poison flower|ability: Toxic Debris
|-sidestart|p2: Maleson|move: Toxic Spikes
|faint|p1a: Poison flower
|
|-weather|SunnyDay|[upkeep]
|upkeep
|
|t:|1685930079
|switch|p1a: Rock Man|Garganacl, M|100/100
|-damage|p1a: Rock Man|88/100|[from] Stealth Rock
|turn|15
|
|t:|1685930087
|move|p2a: Chien-Pao|Sacred Sword|p1a: Rock Man
|-supereffective|p1a: Rock Man
|-damage|p1a: Rock Man|33/100
|move|p1a: Rock Man|Iron Defense|p1a: Rock Man
|-boost|p1a: Rock Man|def|2
|
|-weather|SunnyDay|[upkeep]
|-heal|p1a: Rock Man|39/100|[from] item: Leftovers
|upkeep
|turn|16
|
|t:|1685930095
|move|p2a: Chien-Pao|Sacred Sword|p1a: Rock Man
|-supereffective|p1a: Rock Man
|-damage|p1a: Rock Man|0 fnt
|faint|p1a: Rock Man
|
|-weather|SunnyDay|[upkeep]
|upkeep
|
|t:|1685930098
|switch|p1a: raoar|Ursaluna, F|73/100 brn
|-damage|p1a: raoar|67/100 brn|[from] Stealth Rock
|turn|17
|
|t:|1685930105
|-terastallize|p1a: raoar|Normal
|move|p2a: Chien-Pao|Icicle Crash|p1a: raoar
|-damage|p1a: raoar|26/100 brn
|move|p1a: raoar|Facade|p2a: Chien-Pao
|-damage|p2a: Chien-Pao|0 fnt
|faint|p2a: Chien-Pao
|
|-weather|SunnyDay|[upkeep]
|-damage|p1a: raoar|20/100 brn|[from] brn
|upkeep
|
|t:|1685930110
|switch|p2a: Walking Wake|Walking Wake|22/100
|-status|p2a: Walking Wake|psn
|-activate|p2a: Walking Wake|ability: Protosynthesis
|-start|p2a: Walking Wake|protosynthesisspe
|turn|18
|
|t:|1685930114
|move|p2a: Walking Wake|Hydro Steam|p1a: raoar
|-damage|p1a: raoar|0 fnt
|faint|p1a: raoar
|
|win|Maleson
|c|☆Arcus72|gg
|c|☆Arcus72|are you gonna post the replays or should i
|c|☆Maleson|you do that
|c|☆Maleson|i gotta go for a bit
|c|☆Maleson|ggs
|c|☆Arcus72|ok
|l|☆Arcus72
