|j|☆jultomte
|j|☆Highv0ltag3
|t:|1682540114
|gametype|singles
|player|p1|jultomte|gentleman-gen1rb|2026
|player|p2|Highv0ltag3|volo|1932
|teamsize|p1|6
|teamsize|p2|6
|gen|9
|tier|[Gen 9] OU
|rated|
|rule|Sleep Clause Mod: Limit one foe put to sleep
|rule|Species Clause: Limit one of each Pokémon
|rule|OHKO Clause: OHKO moves are banned
|rule|Evasion Items Clause: Evasion items are banned
|rule|Evasion Moves Clause: Evasion moves are banned
|rule|Endless Battle Clause: Forcing endless battles is banned
|rule|HP Percentage Mod: HP is shown in percentages
|clearpoke
|poke|p1|Ting-Lu|
|poke|p1|Amoonguss, F|
|poke|p1|Iron Moth|
|poke|p1|Baxcalibur, M|
|poke|p1|Iron Valiant|
|poke|p1|Great Tusk|
|poke|p2|Cyclizar, F|
|poke|p2|Hatterene, F|
|poke|p2|Clodsire, F|
|poke|p2|Alomomola, M|
|poke|p2|Dondozo, F|
|poke|p2|Blissey, F|
|teampreview
|inactive|Battle timer is ON: inactive players will automatically lose when time's up. (requested by jultomte)
|
|t:|1682540128
|start
|switch|p1a: Ting-Lu|Ting-Lu|100/100
|switch|p2a: Cyclizar|Cyclizar, F|100/100
|-ability|p1a: Ting-Lu|Vessel of Ruin
|turn|1
|
|t:|1682540135
|move|p2a: Cyclizar|Knock Off|p1a: Ting-Lu
|-resisted|p1a: Ting-Lu
|-damage|p1a: Ting-Lu|95/100
|-enditem|p1a: Ting-Lu|Leftovers|[from] move: Knock Off|[of] p2a: Cyclizar
|move|p1a: Ting-Lu|Ruination|p2a: Cyclizar
|-damage|p2a: Cyclizar|51/100
|
|upkeep
|turn|2
|
|t:|1682540140
|switch|p2a: Hatterene|Hatterene, F|100/100
|move|p1a: Ting-Lu|Ruination|p2a: Hatterene|[miss]
|-miss|p1a: Ting-Lu|p2a: Hatterene
|
|upkeep
|turn|3
|l|☆Highv0ltag3
|inactive|Highv0ltag3 disconnected and has a minute to reconnect!
|player|p2|
|j|☆Highv0ltag3
|inactive|Highv0ltag3 reconnected and has 125 seconds left.
|player|p2|Highv0ltag3|volo
|inactive|jultomte has 120 seconds left.
|inactive|Highv0ltag3 has 120 seconds left.
|
|t:|1682540173
|move|p2a: Hatterene|Nuzzle|p1a: Ting-Lu
|-immune|p1a: Ting-Lu
|move|p1a: Ting-Lu|Whirlwind|p2a: Hatterene
|move|p2a: Hatterene|Whirlwind|p1a: Ting-Lu|[from]ability: Magic Bounce
|drag|p1a: Iron Moth|Iron Moth|100/100
|
|upkeep
|turn|4
|
|t:|1682540179
|switch|p2a: Blissey|Blissey, F|100/100
|move|p1a: Iron Moth|Overheat|p2a: Blissey
|-damage|p2a: Blissey|70/100
|-unboost|p1a: Iron Moth|spa|2
|
|upkeep
|turn|5
|
|t:|1682540191
|-end|p1a: Iron Moth|Quark Drive|[silent]
|switch|p1a: Great Tusk|Great Tusk|100/100
|move|p2a: Blissey|Seismic Toss|p1a: Great Tusk
|-damage|p1a: Great Tusk|77/100
|
|-heal|p1a: Great Tusk|84/100|[from] item: Leftovers
|upkeep
|turn|6
|
|t:|1682540206
|switch|p2a: Alomomola|Alomomola, M|100/100
|move|p1a: Great Tusk|Earthquake|p2a: Alomomola
|-damage|p2a: Alomomola|77/100
|
|-heal|p1a: Great Tusk|90/100|[from] item: Leftovers
|-heal|p2a: Alomomola|84/100|[from] item: Leftovers
|upkeep
|turn|7
|
|t:|1682540209
|-end|p1a: Great Tusk|Protosynthesis|[silent]
|switch|p1a: Amoonguss|Amoonguss, F|100/100
|move|p2a: Alomomola|Whirlpool|p1a: Amoonguss|[miss]
|-miss|p2a: Alomomola|p1a: Amoonguss
|
|-heal|p2a: Alomomola|90/100|[from] item: Leftovers
|upkeep
|turn|8
|
|t:|1682540213
|switch|p2a: Clodsire|Clodsire, F|100/100
|move|p1a: Amoonguss|Spore|p2a: Clodsire
|-status|p2a: Clodsire|slp|[from] move: Spore
|
|upkeep
|turn|9
|inactive|jultomte has 120 seconds left.
|
|t:|1682540254
|switch|p1a: Iron Moth|Iron Moth|100/100
|switch|p2a: Blissey|Blissey, F|70/100
|
|upkeep
|turn|10
|
|t:|1682540259
|-end|p1a: Iron Moth|Quark Drive|[silent]
|switch|p1a: Great Tusk|Great Tusk|90/100
|move|p2a: Blissey|Soft-Boiled|p2a: Blissey
|-heal|p2a: Blissey|100/100
|
|-heal|p1a: Great Tusk|96/100|[from] item: Leftovers
|upkeep
|turn|11
|inactive|jultomte has 120 seconds left.
|
|t:|1682540265
|-end|p1a: Great Tusk|Protosynthesis|[silent]
|switch|p1a: Iron Moth|Iron Moth|100/100
|switch|p2a: Alomomola|Alomomola, M|100/100
|
|upkeep
|turn|12
|
|t:|1682540267
|move|p2a: Alomomola|Protect|p2a: Alomomola
|-singleturn|p2a: Alomomola|Protect
|move|p1a: Iron Moth|Sludge Wave|p2a: Alomomola
|-activate|p2a: Alomomola|move: Protect
|
|upkeep
|turn|13
|
|t:|1682540272
|-end|p1a: Iron Moth|Quark Drive|[silent]
|switch|p1a: Baxcalibur|Baxcalibur, M|100/100
|switch|p2a: Clodsire|Clodsire, F|100/100 slp
|
|upkeep
|turn|14
|
|t:|1682540280
|switch|p2a: Alomomola|Alomomola, M|100/100
|move|p1a: Baxcalibur|Glaive Rush|p2a: Alomomola
|-damage|p2a: Alomomola|44/100
|-singlemove|p1a: Baxcalibur|Glaive Rush|[silent]
|
|-heal|p2a: Alomomola|50/100|[from] item: Leftovers
|upkeep
|turn|15
|
|t:|1682540286
|switch|p1a: Iron Moth|Iron Moth|100/100
|move|p2a: Alomomola|Protect||[still]
|-fail|p2a: Alomomola
|
|-heal|p2a: Alomomola|56/100|[from] item: Leftovers
|upkeep
|turn|16
|inactive|jultomte has 120 seconds left.
|
|t:|1682540325
|move|p2a: Alomomola|Protect|p2a: Alomomola
|-singleturn|p2a: Alomomola|Protect
|move|p1a: Iron Moth|Sludge Wave|p2a: Alomomola
|-activate|p2a: Alomomola|move: Protect
|
|-heal|p2a: Alomomola|63/100|[from] item: Leftovers
|upkeep
|turn|17
|
|t:|1682540330
|-end|p1a: Iron Moth|Quark Drive|[silent]
|switch|p1a: Iron Valiant|Iron Valiant|100/100
|-enditem|p1a: Iron Valiant|Booster Energy
|-activate|p1a: Iron Valiant|ability: Quark Drive|[fromitem]
|-start|p1a: Iron Valiant|quarkdrivespe
|switch|p2a: Clodsire|Clodsire, F|100/100 slp
|
|upkeep
|turn|18
|
|t:|1682540343
|move|p1a: Iron Valiant|Knock Off|p2a: Clodsire
|-damage|p2a: Clodsire|65/100 slp
|-enditem|p2a: Clodsire|Leftovers|[from] move: Knock Off|[of] p1a: Iron Valiant
|cant|p2a: Clodsire|slp
|
|upkeep
|turn|19
|j| babyshark974
|
|t:|1682540352
|-end|p1a: Iron Valiant|Quark Drive|[silent]
|switch|p1a: Amoonguss|Amoonguss, F|100/100
|-curestatus|p2a: Clodsire|slp|[msg]
|move|p2a: Clodsire|Recover|p2a: Clodsire
|-heal|p2a: Clodsire|100/100
|
|upkeep
|turn|20
|
|t:|1682540356
|move|p1a: Amoonguss|Spore|p2a: Clodsire
|-status|p2a: Clodsire|slp|[from] move: Spore
|cant|p2a: Clodsire|slp
|
|upkeep
|turn|21
|
|t:|1682540359
|move|p1a: Amoonguss|Grass Knot|p2a: Clodsire
|-damage|p2a: Clodsire|81/100 slp
|-curestatus|p2a: Clodsire|slp|[msg]
|move|p2a: Clodsire|Toxic|p1a: Amoonguss
|-immune|p1a: Amoonguss
|
|upkeep
|turn|22
|
|t:|1682540363
|move|p1a: Amoonguss|Spore|p2a: Clodsire
|-status|p2a: Clodsire|slp|[from] move: Spore
|cant|p2a: Clodsire|slp
|
|upkeep
|turn|23
|
|t:|1682540374
|switch|p1a: Iron Moth|Iron Moth|100/100
|cant|p2a: Clodsire|slp
|
|upkeep
|turn|24
|
|t:|1682540381
|switch|p2a: Blissey|Blissey, F|100/100
|move|p1a: Iron Moth|Psychic|p2a: Blissey
|-damage|p2a: Blissey|88/100
|
|upkeep
|turn|25
|
|t:|1682540387
|-end|p1a: Iron Moth|Quark Drive|[silent]
|switch|p1a: Great Tusk|Great Tusk|96/100
|switch|p2a: Cyclizar|Cyclizar, F|84/100
|
|-heal|p1a: Great Tusk|100/100|[from] item: Leftovers
|upkeep
|turn|26
|
|t:|1682540396
|switch|p2a: Alomomola|Alomomola, M|96/100
|-end|p1a: Great Tusk|Protosynthesis|[silent]
|switch|p1a: Ting-Lu|Ting-Lu|95/100
|-ability|p1a: Ting-Lu|Vessel of Ruin
|
|-heal|p2a: Alomomola|100/100|[from] item: Leftovers
|upkeep
|turn|27
|
|t:|1682540405
|switch|p1a: Iron Moth|Iron Moth|100/100
|switch|p2a: Hatterene|Hatterene, F|100/100
|
|upkeep
|turn|28
|
|t:|1682540412
|switch|p2a: Blissey|Blissey, F|88/100
|move|p1a: Iron Moth|Overheat|p2a: Blissey
|-damage|p2a: Blissey|59/100
|-unboost|p1a: Iron Moth|spa|2
|
|upkeep
|turn|29
|
|t:|1682540420
|-end|p1a: Iron Moth|Quark Drive|[silent]
|switch|p1a: Iron Valiant|Iron Valiant|100/100
|move|p2a: Blissey|Soft-Boiled|p2a: Blissey
|-heal|p2a: Blissey|100/100
|
|upkeep
|turn|30
|
|t:|1682540425
|switch|p2a: Clodsire|Clodsire, F|81/100 slp
|move|p1a: Iron Valiant|Knock Off|p2a: Clodsire
|-damage|p2a: Clodsire|54/100 slp
|
|upkeep
|turn|31
|inactive|jultomte has 120 seconds left.
|
|t:|1682540471
|-end|p1a: Iron Valiant|Quark Drive|[silent]
|switch|p1a: Iron Moth|Iron Moth|100/100
|cant|p2a: Clodsire|slp
|
|upkeep
|turn|32
|
|t:|1682540480
|-end|p1a: Iron Moth|Quark Drive|[silent]
|switch|p1a: Iron Valiant|Iron Valiant|100/100
|switch|p2a: Cyclizar|Cyclizar, F|100/100
|
|upkeep
|turn|33
|
|t:|1682540488
|switch|p2a: Clodsire|Clodsire, F|54/100 slp
|move|p1a: Iron Valiant|Moonblast|p2a: Clodsire
|-resisted|p2a: Clodsire
|-damage|p2a: Clodsire|44/100 slp
|
|upkeep
|turn|34
|inactive|jultomte has 120 seconds left.
|inactive|jultomte has 90 seconds left.
|
|t:|1682540541
|-terastallize|p1a: Iron Valiant|Fighting
|move|p1a: Iron Valiant|Close Combat|p2a: Clodsire
|-resisted|p2a: Clodsire
|-damage|p2a: Clodsire|0 fnt
|-unboost|p1a: Iron Valiant|def|1
|-unboost|p1a: Iron Valiant|spd|1
|faint|p2a: Clodsire
|
|upkeep
|
|t:|1682540555
|switch|p2a: Alomomola|Alomomola, M|100/100
|turn|35
|
|t:|1682540566
|-end|p1a: Iron Valiant|Quark Drive|[silent]
|switch|p1a: Amoonguss|Amoonguss, F|100/100
|-terastallize|p2a: Alomomola|Ghost
|move|p2a: Alomomola|Wish|p2a: Alomomola
|
|upkeep
|turn|36
|
|t:|1682540594
|switch|p2a: Cyclizar|Cyclizar, F|100/100
|move|p1a: Amoonguss|Sludge Bomb|p2a: Cyclizar
|-damage|p2a: Cyclizar|75/100
|
|-heal|p2a: Cyclizar|100/100|[from] move: Wish|[wisher] Alomomola
|upkeep
|turn|37
|
|t:|1682540599
|switch|p1a: Ting-Lu|Ting-Lu|95/100
|-ability|p1a: Ting-Lu|Vessel of Ruin
|move|p2a: Cyclizar|Knock Off|p1a: Ting-Lu
|-resisted|p1a: Ting-Lu
|-damage|p1a: Ting-Lu|92/100
|
|upkeep
|turn|38
|
|t:|1682540605
|switch|p2a: Hatterene|Hatterene, F|100/100
|move|p1a: Ting-Lu|Ruination|p2a: Hatterene
|-damage|p2a: Hatterene|50/100
|
|-heal|p2a: Hatterene|56/100|[from] item: Leftovers
|upkeep
|turn|39
|inactive|jultomte has 90 seconds left.
|
|t:|1682540616
|move|p2a: Hatterene|Draining Kiss|p1a: Ting-Lu
|-supereffective|p1a: Ting-Lu
|-damage|p1a: Ting-Lu|72/100
|-heal|p2a: Hatterene|80/100|[from] drain|[of] p1a: Ting-Lu
|move|p1a: Ting-Lu|Whirlwind|p2a: Hatterene
|move|p2a: Hatterene|Whirlwind|p1a: Ting-Lu|[from]ability: Magic Bounce
|drag|p1a: Iron Valiant|Iron Valiant, tera:Fighting|100/100
|
|-heal|p2a: Hatterene|86/100|[from] item: Leftovers
|upkeep
|turn|40
|inactive|jultomte has 90 seconds left.
|
|t:|1682540636
|-end|p1a: Iron Valiant|Quark Drive|[silent]
|switch|p1a: Amoonguss|Amoonguss, F|100/100
|move|p2a: Hatterene|Draining Kiss|p1a: Amoonguss
|-resisted|p1a: Amoonguss
|-damage|p1a: Amoonguss|90/100
|-heal|p2a: Hatterene|96/100|[from] drain|[of] p1a: Amoonguss
|
|-heal|p2a: Hatterene|100/100|[from] item: Leftovers
|upkeep
|turn|41
|
|t:|1682540638
|switch|p2a: Blissey|Blissey, F|100/100
|move|p1a: Amoonguss|Sludge Bomb|p2a: Blissey
|-damage|p2a: Blissey|92/100
|
|upkeep
|turn|42
|
|t:|1682540641
|move|p2a: Blissey|Stealth Rock|p1a: Amoonguss
|-sidestart|p1: jultomte|move: Stealth Rock
|move|p1a: Amoonguss|Spore|p2a: Blissey
|-status|p2a: Blissey|slp|[from] move: Spore
|
|upkeep
|turn|43
|
|t:|1682540656
|-curestatus|p2a: Blissey|slp|[from] ability: Natural Cure
|switch|p2a: Cyclizar|Cyclizar, F|100/100
|move|p1a: Amoonguss|Sludge Bomb|p2a: Cyclizar
|-damage|p2a: Cyclizar|75/100
|-status|p2a: Cyclizar|psn
|
|-damage|p2a: Cyclizar|63/100 psn|[from] psn
|upkeep
|turn|44
|
|t:|1682540663
|switch|p1a: Ting-Lu|Ting-Lu|72/100
|-damage|p1a: Ting-Lu|66/100|[from] Stealth Rock
|-ability|p1a: Ting-Lu|Vessel of Ruin
|move|p2a: Cyclizar|Overheat|p1a: Ting-Lu
|-damage|p1a: Ting-Lu|52/100
|-unboost|p2a: Cyclizar|spa|2
|
|-damage|p2a: Cyclizar|51/100 psn|[from] psn
|upkeep
|turn|45
|
|t:|1682540671
|switch|p2a: Hatterene|Hatterene, F|100/100
|move|p1a: Ting-Lu|Ruination|p2a: Hatterene
|-damage|p2a: Hatterene|50/100
|
|-heal|p2a: Hatterene|56/100|[from] item: Leftovers
|upkeep
|turn|46
|
|t:|1682540690
|move|p2a: Hatterene|Draining Kiss|p1a: Ting-Lu
|-supereffective|p1a: Ting-Lu
|-damage|p1a: Ting-Lu|32/100
|-heal|p2a: Hatterene|81/100|[from] drain|[of] p1a: Ting-Lu
|move|p1a: Ting-Lu|Whirlwind|p2a: Hatterene
|move|p2a: Hatterene|Whirlwind|p1a: Ting-Lu|[from]ability: Magic Bounce
|drag|p1a: Iron Moth|Iron Moth|100/100
|-damage|p1a: Iron Moth|76/100|[from] Stealth Rock
|
|-heal|p2a: Hatterene|87/100|[from] item: Leftovers
|upkeep
|turn|47
|
|t:|1682540696
|switch|p2a: Blissey|Blissey, F|92/100
|move|p1a: Iron Moth|Fiery Dance|p2a: Blissey
|-damage|p2a: Blissey|75/100
|
|upkeep
|turn|48
|
|t:|1682540706
|-end|p1a: Iron Moth|Quark Drive|[silent]
|switch|p1a: Great Tusk|Great Tusk|100/100
|-damage|p1a: Great Tusk|97/100|[from] Stealth Rock
|move|p2a: Blissey|Seismic Toss|p1a: Great Tusk
|-damage|p1a: Great Tusk|74/100
|
|-heal|p1a: Great Tusk|81/100|[from] item: Leftovers
|upkeep
|turn|49
|
|t:|1682540709
|switch|p2a: Alomomola|Alomomola, M, tera:Ghost|100/100
|move|p1a: Great Tusk|Rapid Spin|p2a: Alomomola
|-immune|p2a: Alomomola
|
|-heal|p1a: Great Tusk|87/100|[from] item: Leftovers
|upkeep
|turn|50
|inactive|jultomte has 120 seconds left.
|
|t:|1682540731
|-end|p1a: Great Tusk|Protosynthesis|[silent]
|switch|p1a: Amoonguss|Amoonguss, F|100/100
|-damage|p1a: Amoonguss|88/100|[from] Stealth Rock
|move|p2a: Alomomola|Whirlpool|p1a: Amoonguss
|-resisted|p1a: Amoonguss
|-damage|p1a: Amoonguss|85/100
|-activate|p1a: Amoonguss|move: Whirlpool|[of] p2a: Alomomola
|
|-damage|p1a: Amoonguss|73/100|[from] move: Whirlpool|[partiallytrapped]
|upkeep
|turn|51
|
|t:|1682540735
|move|p2a: Alomomola|Protect|p2a: Alomomola
|-singleturn|p2a: Alomomola|Protect
|move|p1a: Amoonguss|Spore|p2a: Alomomola
|-activate|p2a: Alomomola|move: Protect
|
|-damage|p1a: Amoonguss|61/100|[from] move: Whirlpool|[partiallytrapped]
|upkeep
|turn|52
|j| 0WithdrawalSyndrom
|
|t:|1682540741
|switch|p2a: Cyclizar|Cyclizar, F|84/100 psn
|move|p1a: Amoonguss|Sludge Bomb|p2a: Cyclizar
|-damage|p2a: Cyclizar|60/100 psn
|
|-damage|p2a: Cyclizar|47/100 psn|[from] psn
|-end|p1a: Amoonguss|Whirlpool|[partiallytrapped]|[silent]
|upkeep
|turn|53
|j| Scavet
|inactive|jultomte has 120 seconds left.
|
|t:|1682540764
|switch|p1a: Ting-Lu|Ting-Lu|32/100
|-damage|p1a: Ting-Lu|26/100|[from] Stealth Rock
|-ability|p1a: Ting-Lu|Vessel of Ruin
|move|p2a: Cyclizar|Overheat|p1a: Ting-Lu
|-damage|p1a: Ting-Lu|12/100
|-unboost|p2a: Cyclizar|spa|2
|
|-damage|p2a: Cyclizar|35/100 psn|[from] psn
|upkeep
|turn|54
|
|t:|1682540770
|switch|p2a: Hatterene|Hatterene, F|87/100
|move|p1a: Ting-Lu|Ruination|p2a: Hatterene
|-damage|p2a: Hatterene|44/100
|
|-heal|p2a: Hatterene|50/100|[from] item: Leftovers
|upkeep
|turn|55
|
|t:|1682540774
|move|p1a: Ting-Lu|Earthquake|p2a: Hatterene
|-damage|p2a: Hatterene|18/100
|move|p2a: Hatterene|Draining Kiss|p1a: Ting-Lu
|-supereffective|p1a: Ting-Lu
|-damage|p1a: Ting-Lu|0 fnt
|-heal|p2a: Hatterene|32/100|[from] drain|[of] p1a: Ting-Lu
|faint|p1a: Ting-Lu
|
|-heal|p2a: Hatterene|38/100|[from] item: Leftovers
|upkeep
|inactive|jultomte has 120 seconds left.
|j| viveleroidefrance
|
|t:|1682540807
|switch|p1a: Baxcalibur|Baxcalibur, M|100/100
|-damage|p1a: Baxcalibur|76/100|[from] Stealth Rock
|turn|56
|
|t:|1682540810
|switch|p2a: Alomomola|Alomomola, M, tera:Ghost|100/100
|move|p1a: Baxcalibur|Earthquake|p2a: Alomomola
|-damage|p2a: Alomomola|72/100
|
|-heal|p2a: Alomomola|78/100|[from] item: Leftovers
|upkeep
|turn|57
|inactive|jultomte has 120 seconds left.
|
|t:|1682540824
|switch|p1a: Iron Moth|Iron Moth|76/100
|-damage|p1a: Iron Moth|51/100|[from] Stealth Rock
|move|p2a: Alomomola|Whirlpool|p1a: Iron Moth
|-supereffective|p1a: Iron Moth
|-damage|p1a: Iron Moth|39/100
|-activate|p1a: Iron Moth|move: Whirlpool|[of] p2a: Alomomola
|
|-heal|p2a: Alomomola|85/100|[from] item: Leftovers
|-damage|p1a: Iron Moth|26/100|[from] move: Whirlpool|[partiallytrapped]
|upkeep
|turn|58
|
|t:|1682540826
|move|p2a: Alomomola|Protect|p2a: Alomomola
|-singleturn|p2a: Alomomola|Protect
|move|p1a: Iron Moth|Sludge Wave|p2a: Alomomola
|-activate|p2a: Alomomola|move: Protect
|
|-heal|p2a: Alomomola|91/100|[from] item: Leftovers
|-damage|p1a: Iron Moth|14/100|[from] move: Whirlpool|[partiallytrapped]
|upkeep
|turn|59
|
|t:|1682540831
|switch|p2a: Blissey|Blissey, F|75/100
|move|p1a: Iron Moth|Sludge Wave|p2a: Blissey
|-damage|p2a: Blissey|54/100
|
|-end|p1a: Iron Moth|Whirlpool|[partiallytrapped]|[silent]
|upkeep
|turn|60
|inactive|jultomte has 120 seconds left.
|
|t:|1682540867
|-end|p1a: Iron Moth|Quark Drive|[silent]
|switch|p1a: Amoonguss|Amoonguss, F|94/100
|-damage|p1a: Amoonguss|81/100|[from] Stealth Rock
|move|p2a: Blissey|Soft-Boiled|p2a: Blissey
|-heal|p2a: Blissey|100/100
|
|upkeep
|turn|61
|inactive|jultomte has 120 seconds left.
|
|t:|1682540885
|move|p2a: Blissey|Seismic Toss|p1a: Amoonguss
|-damage|p1a: Amoonguss|58/100
|move|p1a: Amoonguss|Sludge Bomb|p2a: Blissey
|-damage|p2a: Blissey|92/100
|
|upkeep
|turn|62
|
|t:|1682540890
|move|p2a: Blissey|Seismic Toss|p1a: Amoonguss
|-damage|p1a: Amoonguss|35/100
|move|p1a: Amoonguss|Spore|p2a: Blissey
|-status|p2a: Blissey|slp|[from] move: Spore
|
|upkeep
|turn|63
|l| babyshark974
|inactive|jultomte has 120 seconds left.
|j| babyshark974
|
|t:|1682540899
|-curestatus|p2a: Blissey|slp|[from] ability: Natural Cure
|switch|p2a: Cyclizar|Cyclizar, F|68/100 psn
|switch|p1a: Iron Valiant|Iron Valiant, tera:Fighting|100/100
|-damage|p1a: Iron Valiant|94/100|[from] Stealth Rock
|
|-damage|p2a: Cyclizar|56/100 psn|[from] psn
|upkeep
|turn|64
|
|t:|1682540908
|switch|p2a: Alomomola|Alomomola, M, tera:Ghost|100/100
|move|p1a: Iron Valiant|Knock Off|p2a: Alomomola
|-supereffective|p2a: Alomomola
|-damage|p2a: Alomomola|67/100
|-enditem|p2a: Alomomola|Leftovers|[from] move: Knock Off|[of] p1a: Iron Valiant
|
|upkeep
|turn|65
|
|t:|1682540919
|move|p1a: Iron Valiant|Moonblast|p2a: Alomomola
|-damage|p2a: Alomomola|24/100
|move|p2a: Alomomola|Wish|p2a: Alomomola
|
|upkeep
|turn|66
|
|t:|1682540933
|move|p2a: Alomomola|Protect|p2a: Alomomola
|-singleturn|p2a: Alomomola|Protect
|move|p1a: Iron Valiant|Moonblast|p2a: Alomomola
|-activate|p2a: Alomomola|move: Protect
|
|-heal|p2a: Alomomola|74/100|[from] move: Wish|[wisher] Alomomola
|upkeep
|turn|67
|
|t:|1682540940
|move|p1a: Iron Valiant|Encore|p2a: Alomomola
|-start|p2a: Alomomola|Encore
|move|p2a: Alomomola|Protect||[still]
|-fail|p2a: Alomomola
|
|upkeep
|turn|68
|
|t:|1682540949
|move|p2a: Alomomola|Protect|p2a: Alomomola
|-singleturn|p2a: Alomomola|Protect
|move|p1a: Iron Valiant|Knock Off|p2a: Alomomola
|-activate|p2a: Alomomola|move: Protect
|
|upkeep
|turn|69
|j| Renjaru
|
|t:|1682540952
|move|p2a: Alomomola|Protect|p2a: Alomomola
|-singleturn|p2a: Alomomola|Protect
|move|p1a: Iron Valiant|Knock Off|p2a: Alomomola
|-activate|p2a: Alomomola|move: Protect
|
|-end|p2a: Alomomola|Encore
|upkeep
|turn|70
|
|t:|1682540959
|switch|p2a: Hatterene|Hatterene, F|38/100
|move|p1a: Iron Valiant|Knock Off|p2a: Hatterene
|-damage|p2a: Hatterene|10/100
|-enditem|p2a: Hatterene|Leftovers|[from] move: Knock Off|[of] p1a: Iron Valiant
|
|upkeep
|turn|71
|
|t:|1682540964
|switch|p2a: Alomomola|Alomomola, M, tera:Ghost|100/100
|move|p1a: Iron Valiant|Knock Off|p2a: Alomomola
|-supereffective|p2a: Alomomola
|-damage|p2a: Alomomola|74/100
|
|upkeep
|turn|72
|
|t:|1682540977
|move|p1a: Iron Valiant|Moonblast|p2a: Alomomola
|-damage|p2a: Alomomola|32/100
|-unboost|p2a: Alomomola|spa|1
|move|p2a: Alomomola|Whirlpool|p1a: Iron Valiant
|-damage|p1a: Iron Valiant|87/100
|-activate|p1a: Iron Valiant|move: Whirlpool|[of] p2a: Alomomola
|
|-damage|p1a: Iron Valiant|74/100|[from] move: Whirlpool|[partiallytrapped]
|upkeep
|turn|73
|
|t:|1682540985
|move|p2a: Alomomola|Protect|p2a: Alomomola
|-singleturn|p2a: Alomomola|Protect
|move|p1a: Iron Valiant|Moonblast|p2a: Alomomola
|-activate|p2a: Alomomola|move: Protect
|
|-damage|p1a: Iron Valiant|62/100|[from] move: Whirlpool|[partiallytrapped]
|upkeep
|turn|74
|
|t:|1682540997
|switch|p2a: Cyclizar|Cyclizar, F|89/100 psn
|move|p1a: Iron Valiant|Knock Off|p2a: Cyclizar
|-damage|p2a: Cyclizar|35/100 psn
|-enditem|p2a: Cyclizar|Assault Vest|[from] move: Knock Off|[of] p1a: Iron Valiant
|
|-damage|p2a: Cyclizar|23/100 psn|[from] psn
|-end|p1a: Iron Valiant|Whirlpool|[partiallytrapped]|[silent]
|upkeep
|turn|75
|j| jmanguy
|inactive|jultomte has 120 seconds left.
|
|t:|1682541031
|-end|p1a: Iron Valiant|Quark Drive|[silent]
|switch|p1a: Iron Moth|Iron Moth|14/100
|-damage|p1a: Iron Moth|0 fnt|[from] Stealth Rock
|faint|p1a: Iron Moth
|-end|p1a: Iron Moth|Quark Drive|[silent]
|switch|p2a: Alomomola|Alomomola, M, tera:Ghost|65/100
|
|upkeep
|inactive|jultomte has 120 seconds left.
|
|t:|1682541044
|switch|p1a: Iron Valiant|Iron Valiant, tera:Fighting|62/100
|-damage|p1a: Iron Valiant|56/100|[from] Stealth Rock
|turn|76
|
|t:|1682541049
|move|p1a: Iron Valiant|Moonblast|p2a: Alomomola
|-damage|p2a: Alomomola|17/100
|-unboost|p2a: Alomomola|spa|1
|move|p2a: Alomomola|Whirlpool|p1a: Iron Valiant
|-damage|p1a: Iron Valiant|47/100
|-activate|p1a: Iron Valiant|move: Whirlpool|[of] p2a: Alomomola
|
|-damage|p1a: Iron Valiant|35/100|[from] move: Whirlpool|[partiallytrapped]
|upkeep
|turn|77
|
|t:|1682541057
|move|p2a: Alomomola|Protect|p2a: Alomomola
|-singleturn|p2a: Alomomola|Protect
|move|p1a: Iron Valiant|Moonblast|p2a: Alomomola
|-activate|p2a: Alomomola|move: Protect
|
|-damage|p1a: Iron Valiant|22/100|[from] move: Whirlpool|[partiallytrapped]
|upkeep
|turn|78
|
|t:|1682541064
|switch|p2a: Cyclizar|Cyclizar, F|56/100 psn
|move|p1a: Iron Valiant|Moonblast|p2a: Cyclizar
|-supereffective|p2a: Cyclizar
|-damage|p2a: Cyclizar|0 fnt
|faint|p2a: Cyclizar
|
|-end|p1a: Iron Valiant|Whirlpool|[partiallytrapped]|[silent]
|upkeep
|
|t:|1682541065
|switch|p2a: Dondozo|Dondozo, F|100/100
|turn|79
|
|t:|1682541069
|-end|p1a: Iron Valiant|Quark Drive|[silent]
|switch|p1a: Amoonguss|Amoonguss, F|68/100
|-damage|p1a: Amoonguss|55/100|[from] Stealth Rock
|move|p2a: Dondozo|Liquidation|p1a: Amoonguss
|-resisted|p1a: Amoonguss
|-damage|p1a: Amoonguss|43/100
|
|upkeep
|turn|80
|j| left-lovers
|
|t:|1682541079
|switch|p2a: Blissey|Blissey, F|92/100
|move|p1a: Amoonguss|Spore|p2a: Blissey
|-status|p2a: Blissey|slp|[from] move: Spore
|
|upkeep
|turn|81
|
|t:|1682541089
|-curestatus|p2a: Blissey|slp|[from] ability: Natural Cure
|switch|p2a: Alomomola|Alomomola, M, tera:Ghost|50/100
|switch|p1a: Great Tusk|Great Tusk|87/100
|-damage|p1a: Great Tusk|84/100|[from] Stealth Rock
|
|-heal|p1a: Great Tusk|90/100|[from] item: Leftovers
|upkeep
|turn|82
|
|t:|1682541106
|-end|p1a: Great Tusk|Protosynthesis|[silent]
|switch|p1a: Amoonguss|Amoonguss, F|77/100
|-damage|p1a: Amoonguss|64/100|[from] Stealth Rock
|move|p2a: Alomomola|Wish|p2a: Alomomola
|
|upkeep
|turn|83
|
|t:|1682541110
|move|p2a: Alomomola|Protect|p2a: Alomomola
|-singleturn|p2a: Alomomola|Protect
|move|p1a: Amoonguss|Sludge Bomb|p2a: Alomomola
|-activate|p2a: Alomomola|move: Protect
|
|-heal|p2a: Alomomola|99/100|[from] move: Wish|[wisher] Alomomola
|upkeep
|turn|84
|
|t:|1682541113
|switch|p2a: Blissey|Blissey, F|92/100
|move|p1a: Amoonguss|Spore|p2a: Blissey
|-status|p2a: Blissey|slp|[from] move: Spore
|
|upkeep
|turn|85
|
|t:|1682541115
|cant|p2a: Blissey|slp
|move|p1a: Amoonguss|Spore|p2a: Blissey
|-fail|p2a: Blissey|slp
|
|upkeep
|turn|86
|
|t:|1682541117
|cant|p2a: Blissey|slp
|move|p1a: Amoonguss|Spore|p2a: Blissey
|-fail|p2a: Blissey|slp
|
|upkeep
|turn|87
|
|t:|1682541120
|-curestatus|p2a: Blissey|slp|[msg]
|move|p2a: Blissey|Seismic Toss|p1a: Amoonguss
|-damage|p1a: Amoonguss|41/100
|move|p1a: Amoonguss|Spore|p2a: Blissey
|-status|p2a: Blissey|slp|[from] move: Spore
|
|upkeep
|turn|88
|
|t:|1682541123
|switch|p1a: Great Tusk|Great Tusk|90/100
|-damage|p1a: Great Tusk|87/100|[from] Stealth Rock
|cant|p2a: Blissey|slp
|
|-heal|p1a: Great Tusk|93/100|[from] item: Leftovers
|upkeep
|turn|89
|
|t:|1682541133
|-end|p1a: Great Tusk|Protosynthesis|[silent]
|switch|p1a: Amoonguss|Amoonguss, F|74/100
|-damage|p1a: Amoonguss|62/100|[from] Stealth Rock
|-curestatus|p2a: Blissey|slp|[from] ability: Natural Cure
|switch|p2a: Alomomola|Alomomola, M, tera:Ghost|100/100
|
|upkeep
|turn|90
|
|t:|1682541140
|switch|p2a: Blissey|Blissey, F|92/100
|move|p1a: Amoonguss|Spore|p2a: Blissey
|-status|p2a: Blissey|slp|[from] move: Spore
|
|upkeep
|turn|91
|
|t:|1682541142
|switch|p1a: Great Tusk|Great Tusk|93/100
|-damage|p1a: Great Tusk|90/100|[from] Stealth Rock
|cant|p2a: Blissey|slp
|
|-heal|p1a: Great Tusk|97/100|[from] item: Leftovers
|upkeep
|turn|92
|
|t:|1682541151
|-end|p1a: Great Tusk|Protosynthesis|[silent]
|switch|p1a: Amoonguss|Amoonguss, F|95/100
|-damage|p1a: Amoonguss|83/100|[from] Stealth Rock
|-curestatus|p2a: Blissey|slp|[from] ability: Natural Cure
|switch|p2a: Alomomola|Alomomola, M, tera:Ghost|100/100
|
|upkeep
|turn|93
|
|t:|1682541157
|switch|p2a: Blissey|Blissey, F|92/100
|move|p1a: Amoonguss|Sludge Bomb|p2a: Blissey
|-damage|p2a: Blissey|84/100
|-status|p2a: Blissey|psn
|
|-damage|p2a: Blissey|72/100 psn|[from] psn
|upkeep
|turn|94
|inactive|jultomte has 120 seconds left.
|
|t:|1682541195
|move|p2a: Blissey|Seismic Toss|p1a: Amoonguss
|-damage|p1a: Amoonguss|59/100
|move|p1a: Amoonguss|Sludge Bomb|p2a: Blissey
|-damage|p2a: Blissey|64/100 psn
|
|-damage|p2a: Blissey|52/100 psn|[from] psn
|upkeep
|turn|95
|inactive|jultomte has 120 seconds left.
|
|t:|1682541200
|move|p2a: Blissey|Soft-Boiled|p2a: Blissey
|-heal|p2a: Blissey|100/100 psn
|move|p1a: Amoonguss|Sludge Bomb|p2a: Blissey
|-damage|p2a: Blissey|92/100 psn
|
|-damage|p2a: Blissey|80/100 psn|[from] psn
|upkeep
|turn|96
|
|t:|1682541204
|switch|p1a: Great Tusk|Great Tusk|97/100
|-damage|p1a: Great Tusk|94/100|[from] Stealth Rock
|move|p2a: Blissey|Seismic Toss|p1a: Great Tusk
|-damage|p1a: Great Tusk|70/100
|
|-heal|p1a: Great Tusk|77/100|[from] item: Leftovers
|-damage|p2a: Blissey|67/100 psn|[from] psn
|upkeep
|turn|97
|inactive|jultomte has 120 seconds left.
|
|t:|1682541216
|-curestatus|p2a: Blissey|psn|[from] ability: Natural Cure
|switch|p2a: Alomomola|Alomomola, M, tera:Ghost|100/100
|move|p1a: Great Tusk|Earthquake|p2a: Alomomola
|-damage|p2a: Alomomola|76/100
|
|-heal|p1a: Great Tusk|83/100|[from] item: Leftovers
|upkeep
|turn|98
|inactive|jultomte has 120 seconds left.
|
|t:|1682541221
|-end|p1a: Great Tusk|Protosynthesis|[silent]
|switch|p1a: Amoonguss|Amoonguss, F|93/100
|-damage|p1a: Amoonguss|80/100|[from] Stealth Rock
|move|p2a: Alomomola|Whirlpool|p1a: Amoonguss
|-resisted|p1a: Amoonguss
|-damage|p1a: Amoonguss|77/100
|-activate|p1a: Amoonguss|move: Whirlpool|[of] p2a: Alomomola
|
|-damage|p1a: Amoonguss|65/100|[from] move: Whirlpool|[partiallytrapped]
|upkeep
|turn|99
|
|t:|1682541226
|move|p2a: Alomomola|Protect|p2a: Alomomola
|-singleturn|p2a: Alomomola|Protect
|move|p1a: Amoonguss|Grass Knot|p2a: Alomomola
|-activate|p2a: Alomomola|move: Protect
|
|-damage|p1a: Amoonguss|52/100|[from] move: Whirlpool|[partiallytrapped]
|upkeep
|turn|100
|
|t:|1682541236
|move|p2a: Alomomola|Wish|p2a: Alomomola
|move|p1a: Amoonguss|Grass Knot|p2a: Alomomola
|-damage|p2a: Alomomola|53/100
|
|-damage|p1a: Amoonguss|40/100|[from] move: Whirlpool|[partiallytrapped]
|upkeep
|turn|101
|
|t:|1682541241
|move|p2a: Alomomola|Chilling Water|p1a: Amoonguss
|-resisted|p1a: Amoonguss
|-damage|p1a: Amoonguss|36/100
|move|p1a: Amoonguss|Sludge Bomb|p2a: Alomomola
|-resisted|p2a: Alomomola
|-damage|p2a: Alomomola|36/100
|-status|p2a: Alomomola|psn
|
|-heal|p2a: Alomomola|86/100 psn|[from] move: Wish|[wisher] Alomomola
|-damage|p2a: Alomomola|74/100 psn|[from] psn
|-damage|p1a: Amoonguss|24/100|[from] move: Whirlpool|[partiallytrapped]
|upkeep
|turn|102
|
|t:|1682541251
|move|p2a: Alomomola|Wish|p2a: Alomomola
|move|p1a: Amoonguss|Sludge Bomb|p2a: Alomomola
|-resisted|p2a: Alomomola
|-damage|p2a: Alomomola|56/100 psn
|
|-damage|p2a: Alomomola|44/100 psn|[from] psn
|-end|p1a: Amoonguss|Whirlpool|[partiallytrapped]
|upkeep
|turn|103
|inactive|jultomte has 120 seconds left.
|
|t:|1682541279
|switch|p1a: Great Tusk|Great Tusk|83/100
|-damage|p1a: Great Tusk|80/100|[from] Stealth Rock
|move|p2a: Alomomola|Whirlpool|p1a: Great Tusk
|-supereffective|p1a: Great Tusk
|-damage|p1a: Great Tusk|63/100
|-activate|p1a: Great Tusk|move: Whirlpool|[of] p2a: Alomomola
|
|-heal|p2a: Alomomola|94/100 psn|[from] move: Wish|[wisher] Alomomola
|-heal|p1a: Great Tusk|69/100|[from] item: Leftovers
|-damage|p2a: Alomomola|81/100 psn|[from] psn
|-damage|p1a: Great Tusk|57/100|[from] move: Whirlpool|[partiallytrapped]
|upkeep
|turn|104
|
|t:|1682541283
|move|p1a: Great Tusk|Earthquake|p2a: Alomomola
|-damage|p2a: Alomomola|59/100 psn
|move|p2a: Alomomola|Chilling Water|p1a: Great Tusk
|-supereffective|p1a: Great Tusk
|-damage|p1a: Great Tusk|35/100
|-unboost|p1a: Great Tusk|atk|1
|
|-heal|p1a: Great Tusk|42/100|[from] item: Leftovers
|-damage|p2a: Alomomola|46/100 psn|[from] psn
|-damage|p1a: Great Tusk|29/100|[from] move: Whirlpool|[partiallytrapped]
|upkeep
|turn|105
|
|t:|1682541288
|move|p1a: Great Tusk|Earthquake|p2a: Alomomola
|-damage|p2a: Alomomola|31/100 psn
|move|p2a: Alomomola|Wish|p2a: Alomomola
|
|-heal|p1a: Great Tusk|35/100|[from] item: Leftovers
|-damage|p2a: Alomomola|18/100 psn|[from] psn
|-damage|p1a: Great Tusk|23/100|[from] move: Whirlpool|[partiallytrapped]
|upkeep
|turn|106
|
|t:|1682541293
|move|p2a: Alomomola|Protect|p2a: Alomomola
|-singleturn|p2a: Alomomola|Protect
|move|p1a: Great Tusk|Bulk Up|p1a: Great Tusk
|-boost|p1a: Great Tusk|atk|1
|-boost|p1a: Great Tusk|def|1
|
|-heal|p2a: Alomomola|68/100 psn|[from] move: Wish|[wisher] Alomomola
|-heal|p1a: Great Tusk|29/100|[from] item: Leftovers
|-damage|p2a: Alomomola|56/100 psn|[from] psn
|-damage|p1a: Great Tusk|17/100|[from] move: Whirlpool|[partiallytrapped]
|upkeep
|turn|107
|
|t:|1682541299
|move|p1a: Great Tusk|Earthquake|p2a: Alomomola
|-damage|p2a: Alomomola|32/100 psn
|move|p2a: Alomomola|Chilling Water|p1a: Great Tusk
|-supereffective|p1a: Great Tusk
|-damage|p1a: Great Tusk|0 fnt
|faint|p1a: Great Tusk
|-end|p1a: Great Tusk|Protosynthesis|[silent]
|
|-damage|p2a: Alomomola|20/100 psn|[from] psn
|upkeep
|inactive|jultomte has 120 seconds left.
|
|t:|1682541305
|switch|p1a: Iron Valiant|Iron Valiant, tera:Fighting|22/100
|-damage|p1a: Iron Valiant|16/100|[from] Stealth Rock
|turn|108
|inactive|jultomte has 120 seconds left.
|
|t:|1682541315
|switch|p2a: Dondozo|Dondozo, F|100/100
|move|p1a: Iron Valiant|Moonblast|p2a: Dondozo
|-damage|p2a: Dondozo|65/100
|
|-heal|p2a: Dondozo|71/100|[from] item: Leftovers
|upkeep
|turn|109
|inactive|jultomte has 120 seconds left.
|
|t:|1682541332
|-end|p1a: Iron Valiant|Quark Drive|[silent]
|switch|p1a: Amoonguss|Amoonguss, F|57/100
|-damage|p1a: Amoonguss|45/100|[from] Stealth Rock
|move|p2a: Dondozo|Liquidation|p1a: Amoonguss
|-resisted|p1a: Amoonguss
|-damage|p1a: Amoonguss|32/100
|
|-heal|p2a: Dondozo|77/100|[from] item: Leftovers
|upkeep
|turn|110
|
|t:|1682541339
|switch|p2a: Blissey|Blissey, F|67/100
|switch|p1a: Baxcalibur|Baxcalibur, M|76/100
|-damage|p1a: Baxcalibur|51/100|[from] Stealth Rock
|
|upkeep
|turn|111
|
|t:|1682541345
|switch|p2a: Alomomola|Alomomola, M, tera:Ghost|53/100 psn
|move|p1a: Baxcalibur|Earthquake|p2a: Alomomola
|-damage|p2a: Alomomola|22/100 psn
|
|-damage|p2a: Alomomola|10/100 psn|[from] psn
|upkeep
|turn|112
|
|t:|1682541349
|switch|p2a: Dondozo|Dondozo, F|77/100
|move|p1a: Baxcalibur|Earthquake|p2a: Dondozo
|-damage|p2a: Dondozo|52/100
|
|-heal|p2a: Dondozo|58/100|[from] item: Leftovers
|upkeep
|turn|113
|
|t:|1682541354
|move|p1a: Baxcalibur|Earthquake|p2a: Dondozo
|-damage|p2a: Dondozo|33/100
|move|p2a: Dondozo|Body Press|p1a: Baxcalibur
|-supereffective|p1a: Baxcalibur
|-damage|p1a: Baxcalibur|0 fnt
|faint|p1a: Baxcalibur
|
|-heal|p2a: Dondozo|39/100|[from] item: Leftovers
|upkeep
|inactive|jultomte has 120 seconds left.
|l| Renjaru
|j| shedtailhater
|inactive|jultomte has 90 seconds left.
|l| babyshark974
|inactive|jultomte has 60 seconds left.
|
|t:|1682541428
|switch|p1a: Iron Valiant|Iron Valiant, tera:Fighting|16/100
|-damage|p1a: Iron Valiant|10/100|[from] Stealth Rock
|turn|114
|
|t:|1682541443
|switch|p2a: Hatterene|Hatterene, F|10/100
|move|p1a: Iron Valiant|Close Combat|p2a: Hatterene
|-resisted|p2a: Hatterene
|-damage|p2a: Hatterene|0 fnt
|-unboost|p1a: Iron Valiant|def|1
|-unboost|p1a: Iron Valiant|spd|1
|faint|p2a: Hatterene
|
|upkeep
|inactive|Highv0ltag3 has 120 seconds left.
|c| 0WithdrawalSyndrom|finally
|c| 0WithdrawalSyndrom|ggs
|c| jmanguy|oh my god
|c| jmanguy|is it actually winnable
|c| 0WithdrawalSyndrom|and also lefties maybe better
|
|t:|1682541482
|switch|p2a: Alomomola|Alomomola, M, tera:Ghost|43/100 psn
|turn|115
|c| 0WithdrawalSyndrom|than duty boots
|inactive|jultomte has 60 seconds left.
|c| 0WithdrawalSyndrom|two knock off user
|c| 0WithdrawalSyndrom|crippled him
|inactive|jultomte has 30 seconds left.
|c| 0WithdrawalSyndrom|tho
|
|t:|1682541531
|switch|p2a: Dondozo|Dondozo, F|39/100
|move|p1a: Iron Valiant|Moonblast|p2a: Dondozo
|-damage|p2a: Dondozo|4/100
|
|-heal|p2a: Dondozo|10/100|[from] item: Leftovers
|upkeep
|turn|116
|inactive|jultomte has 30 seconds left this turn.
|inactive|jultomte has 20 seconds left.
|
|t:|1682541542
|move|p1a: Iron Valiant|Knock Off|p2a: Dondozo
|-damage|p2a: Dondozo|0 fnt
|-enditem|p2a: Dondozo|Leftovers|[from] move: Knock Off|[of] p1a: Iron Valiant
|faint|p2a: Dondozo
|
|upkeep
|inactive|jultomte has 25 seconds left this turn.
|
|t:|1682541543
|switch|p2a: Alomomola|Alomomola, M, tera:Ghost|76/100 psn
|turn|117
|inactive|jultomte has 30 seconds left this turn.
|inactive|jultomte has 20 seconds left.
|
|t:|1682541554
|-end|p1a: Iron Valiant|Quark Drive|[silent]
|switch|p1a: Amoonguss|Amoonguss, F|66/100
|-damage|p1a: Amoonguss|53/100|[from] Stealth Rock
|move|p2a: Alomomola|Chilling Water|p1a: Amoonguss
|-resisted|p1a: Amoonguss
|-damage|p1a: Amoonguss|50/100
|
|-damage|p2a: Alomomola|64/100 psn|[from] psn
|upkeep
|turn|118
|inactive|jultomte has 25 seconds left this turn.
|inactive|jultomte has 20 seconds left.
|
|t:|1682541563
|move|p2a: Alomomola|Wish|p2a: Alomomola
|move|p1a: Amoonguss|Sludge Bomb|p2a: Alomomola
|-resisted|p2a: Alomomola
|-damage|p2a: Alomomola|47/100 psn
|
|-damage|p2a: Alomomola|34/100 psn|[from] psn
|upkeep
|turn|119
|inactive|jultomte has 25 seconds left this turn.
|inactive|jultomte has 20 seconds left.
|
|t:|1682541569
|move|p2a: Alomomola|Protect|p2a: Alomomola
|-singleturn|p2a: Alomomola|Protect
|move|p1a: Amoonguss|Grass Knot|p2a: Alomomola
|-activate|p2a: Alomomola|move: Protect
|
|-heal|p2a: Alomomola|84/100 psn|[from] move: Wish|[wisher] Alomomola
|-damage|p2a: Alomomola|72/100 psn|[from] psn
|upkeep
|turn|120
|inactive|jultomte has 25 seconds left this turn.
|
|t:|1682541572
|move|p2a: Alomomola|Wish|p2a: Alomomola
|move|p1a: Amoonguss|Grass Knot|p2a: Alomomola
|-damage|p2a: Alomomola|49/100 psn
|
|-damage|p2a: Alomomola|37/100 psn|[from] psn
|upkeep
|turn|121
|inactive|jultomte has 30 seconds left this turn.
|inactive|jultomte has 20 seconds left.
|inactive|Highv0ltag3 has 120 seconds left.
|inactive|jultomte has 15 seconds left.
|inactive|jultomte has 10 seconds left.
|
|t:|1682541601
|move|p2a: Alomomola|Whirlpool|p1a: Amoonguss|[miss]
|-miss|p2a: Alomomola|p1a: Amoonguss
|move|p1a: Amoonguss|Sludge Bomb|p2a: Alomomola
|-resisted|p2a: Alomomola
|-damage|p2a: Alomomola|18/100 psn
|
|-heal|p2a: Alomomola|68/100 psn|[from] move: Wish|[wisher] Alomomola
|-damage|p2a: Alomomola|56/100 psn|[from] psn
|upkeep
|turn|122
|inactive|jultomte has 15 seconds left this turn.
|inactive|jultomte has 10 seconds left.
|
|t:|1682541609
|switch|p2a: Blissey|Blissey, F|67/100
|move|p1a: Amoonguss|Grass Knot|p2a: Blissey
|-damage|p2a: Blissey|62/100
|
|upkeep
|turn|123
|inactive|jultomte has 15 seconds left this turn.
|
|t:|1682541613
|switch|p2a: Alomomola|Alomomola, M, tera:Ghost|89/100 psn
|move|p1a: Amoonguss|Spore||[still]
|-fail|p1a: Amoonguss
|
|-damage|p2a: Alomomola|77/100 psn|[from] psn
|upkeep
|turn|124
|inactive|jultomte has 20 seconds left this turn.
|
|t:|1682541617
|move|p2a: Alomomola|Wish|p2a: Alomomola
|move|p1a: Amoonguss|Grass Knot|p2a: Alomomola
|-damage|p2a: Alomomola|54/100 psn
|
|-damage|p2a: Alomomola|42/100 psn|[from] psn
|upkeep
|turn|125
|inactive|jultomte has 25 seconds left this turn.
|
|t:|1682541620
|move|p2a: Alomomola|Whirlpool|p1a: Amoonguss
|-resisted|p1a: Amoonguss
|-damage|p1a: Amoonguss|47/100
|-activate|p1a: Amoonguss|move: Whirlpool|[of] p2a: Alomomola
|move|p1a: Amoonguss|Grass Knot|p2a: Alomomola
|-damage|p2a: Alomomola|20/100 psn
|
|-heal|p2a: Alomomola|70/100 psn|[from] move: Wish|[wisher] Alomomola
|-damage|p2a: Alomomola|58/100 psn|[from] psn
|-damage|p1a: Amoonguss|34/100|[from] move: Whirlpool|[partiallytrapped]
|upkeep
|turn|126
|inactive|jultomte has 30 seconds left this turn.
|
|t:|1682541624
|move|p2a: Alomomola|Wish|p2a: Alomomola
|move|p1a: Amoonguss|Grass Knot|p2a: Alomomola
|-damage|p2a: Alomomola|34/100 psn
|
|-damage|p2a: Alomomola|22/100 psn|[from] psn
|-damage|p1a: Amoonguss|22/100|[from] move: Whirlpool|[partiallytrapped]
|upkeep
|turn|127
|
|t:|1682541628
|move|p2a: Alomomola|Protect|p2a: Alomomola
|-singleturn|p2a: Alomomola|Protect
|move|p1a: Amoonguss|Grass Knot|p2a: Alomomola
|-activate|p2a: Alomomola|move: Protect
|
|-heal|p2a: Alomomola|72/100 psn|[from] move: Wish|[wisher] Alomomola
|-damage|p2a: Alomomola|60/100 psn|[from] psn
|-damage|p1a: Amoonguss|9/100|[from] move: Whirlpool|[partiallytrapped]
|upkeep
|turn|128
|inactive|Highv0ltag3 has 120 seconds left.
|c| 0WithdrawalSyndrom|okay
|
|t:|1682541656
|switch|p2a: Blissey|Blissey, F|62/100
|move|p1a: Amoonguss|Grass Knot|p2a: Blissey
|-damage|p2a: Blissey|56/100
|
|-end|p1a: Amoonguss|Whirlpool|[partiallytrapped]|[silent]
|upkeep
|turn|129
|c|☆Highv0ltag3|Ah you choked
|c|☆jultomte|ye
|inactive|jultomte has 30 seconds left.
|c|☆Highv0ltag3|U needed to spore there
|inactive|jultomte has 20 seconds left.
|c|☆Highv0ltag3|And then u had a chance
|inactive|jultomte has 15 seconds left.
|inactive|Highv0ltag3 has 90 seconds left.
|inactive|jultomte has 10 seconds left.
|c|☆Highv0ltag3|Now ggs
|c|☆jultomte|ye timer got to me
|
|t:|1682541690
|move|p2a: Blissey|Seismic Toss|p1a: Amoonguss
|-damage|p1a: Amoonguss|0 fnt
|faint|p1a: Amoonguss
|
|upkeep
|inactive|jultomte has 15 seconds left this turn.
|
|t:|1682541692
|switch|p1a: Iron Valiant|Iron Valiant, tera:Fighting|10/100
|-damage|p1a: Iron Valiant|4/100|[from] Stealth Rock
|turn|130
|inactive|jultomte has 20 seconds left this turn.
|
|t:|1682541694
|move|p1a: Iron Valiant|Close Combat|p2a: Blissey
|-supereffective|p2a: Blissey
|-damage|p2a: Blissey|0 fnt
|-unboost|p1a: Iron Valiant|def|1
|-unboost|p1a: Iron Valiant|spd|1
|faint|p2a: Blissey
|
|upkeep
|inactive|jultomte has 25 seconds left this turn.
|
|t:|1682541696
|switch|p2a: Alomomola|Alomomola, M, tera:Ghost|93/100 psn
|turn|131
|inactive|jultomte has 30 seconds left this turn.
|c|☆jultomte|gg
|c|☆Highv0ltag3|Wp
|
|t:|1682541701
|move|p1a: Iron Valiant|Moonblast|p2a: Alomomola
|-damage|p2a: Alomomola|48/100 psn
|move|p2a: Alomomola|Chilling Water|p1a: Iron Valiant
|-damage|p1a: Iron Valiant|0 fnt
|faint|p1a: Iron Valiant
|-end|p1a: Iron Valiant|Quark Drive|[silent]
|
|win|Highv0ltag3
|inactive|jultomte has 30 seconds left this turn.
|raw|jultomte's rating: 2026 → 2001(-25 for losing)
|raw|Highv0ltag3's rating: 1932 → 1957(+25 for winning)
|l|☆jultomte
|l| jmanguy
|l|☆Highv0ltag3
|l| viveleroidefrance
|l| Scavet
|l| shedtailhater
|j| jmanguy
