|j|☆Level 20 Wizard
|j|☆Bomborass
|t:|1685922353
|gametype|singles
|player|p1|Level 20 Wizard|1|1411
|player|p2|Bomborass|shadowtriad|1353
|teamsize|p1|6
|teamsize|p2|6
|gen|9
|tier|[Gen 9] OU
|rated|
|rule|Sleep Clause Mod: Limit one foe put to sleep
|rule|Species Clause: Limit one of each Pokémon
|rule|OHKO Clause: OHKO moves are banned
|rule|Evasion Items Clause: Evasion items are banned
|rule|Evasion Moves Clause: Evasion moves are banned
|rule|Endless Battle Clause: Forcing endless battles is banned
|rule|HP Percentage Mod: HP is shown in percentages
|clearpoke
|poke|p1|Slither Wing|
|poke|p1|Torkoal, F|
|poke|p1|Garganacl, F|
|poke|p1|Great Tusk|
|poke|p1|Corviknight, M|
|poke|p1|Walking Wake|
|poke|p2|Zamazenta-*|
|poke|p2|Ursaluna, M|
|poke|p2|Rillaboom, F|
|poke|p2|Toxapex, F|
|poke|p2|Garganacl, F|
|poke|p2|Hawlucha, M|
|teampreview
|
|t:|1685922362
|start
|switch|p1a: Torkoal|Torkoal, F|100/100
|switch|p2a: Ursaluna|Ursaluna, M|100/100
|-weather|SunnyDay|[from] ability: Drought|[of] p1a: Torkoal
|turn|1
|inactive|Battle timer is ON: inactive players will automatically lose when time's up. (requested by Bomborass)
|
|t:|1685922369
|move|p2a: Ursaluna|Belly Drum|p2a: Ursaluna
|-damage|p2a: Ursaluna|51/100
|-setboost|p2a: Ursaluna|atk|6|[from] move: Belly Drum
|move|p1a: Torkoal|Stealth Rock|p2a: Ursaluna
|-sidestart|p2: Bomborass|move: Stealth Rock
|
|-weather|SunnyDay|[upkeep]
|-heal|p2a: Ursaluna|57/100|[from] item: Leftovers
|upkeep
|turn|2
|
|t:|1685922376
|move|p2a: Ursaluna|Drain Punch|p1a: Torkoal
|-damage|p1a: Torkoal|40/100
|-heal|p2a: Ursaluna|83/100|[from] drain|[of] p1a: Torkoal
|move|p1a: Torkoal|Yawn|p2a: Ursaluna
|-start|p2a: Ursaluna|move: Yawn|[of] p1a: Torkoal
|
|-weather|SunnyDay|[upkeep]
|-heal|p2a: Ursaluna|89/100|[from] item: Leftovers
|upkeep
|turn|3
|
|t:|1685922395
|switch|p1a: Corviknight|Corviknight, M|100/100
|move|p2a: Ursaluna|Drain Punch|p1a: Corviknight
|-damage|p1a: Corviknight|34/100
|-heal|p2a: Ursaluna|100/100|[from] drain|[of] p1a: Corviknight
|-damage|p2a: Ursaluna|84/100|[from] item: Rocky Helmet|[of] p1a: Corviknight
|
|-weather|SunnyDay|[upkeep]
|-heal|p2a: Ursaluna|90/100|[from] item: Leftovers
|-end|p2a: Ursaluna|move: Yawn|[silent]
|-status|p2a: Ursaluna|slp
|upkeep
|turn|4
|
|t:|1685922402
|cant|p2a: Ursaluna|slp
|move|p1a: Corviknight|U-turn|p2a: Ursaluna
|-damage|p2a: Ursaluna|79/100 slp
|
|t:|1685922403
|switch|p1a: Walking Wake|Walking Wake|100/100|[from] U-turn
|-activate|p1a: Walking Wake|ability: Protosynthesis
|-start|p1a: Walking Wake|protosynthesisspe
|
|-weather|SunnyDay|[upkeep]
|-heal|p2a: Ursaluna|86/100 slp|[from] item: Leftovers
|upkeep
|turn|5
|
|t:|1685922409
|-terastallize|p2a: Ursaluna|Water
|move|p1a: Walking Wake|Hydro Steam|p2a: Ursaluna
|-resisted|p2a: Ursaluna
|-damage|p2a: Ursaluna|43/100 slp
|-curestatus|p2a: Ursaluna|slp|[msg]
|move|p2a: Ursaluna|Drain Punch|p1a: Walking Wake
|-damage|p1a: Walking Wake|0 fnt
|-heal|p2a: Ursaluna|86/100|[from] drain|[of] p1a: Walking Wake
|faint|p1a: Walking Wake
|-end|p1a: Walking Wake|Protosynthesis|[silent]
|
|-weather|SunnyDay|[upkeep]
|-heal|p2a: Ursaluna|92/100|[from] item: Leftovers
|upkeep
|
|t:|1685922416
|switch|p1a: Garganacl|Garganacl, F|100/100
|turn|6
|
|t:|1685922421
|-terastallize|p1a: Garganacl|Ghost
|move|p2a: Ursaluna|Trailblaze|p1a: Garganacl
|-damage|p1a: Garganacl|50/100
|-boost|p2a: Ursaluna|spe|1
|move|p1a: Garganacl|Salt Cure|p2a: Ursaluna
|-damage|p2a: Ursaluna|79/100
|-start|p2a: Ursaluna|Salt Cure
|
|-weather|SunnyDay|[upkeep]
|-heal|p2a: Ursaluna|86/100|[from] item: Leftovers
|-heal|p1a: Garganacl|56/100|[from] item: Leftovers
|-damage|p2a: Ursaluna|61/100|[from] Salt Cure
|upkeep
|turn|7
|
|t:|1685922435
|switch|p1a: Slither Wing|Slither Wing|100/100
|-activate|p1a: Slither Wing|ability: Protosynthesis
|-start|p1a: Slither Wing|protosynthesisatk
|move|p2a: Ursaluna|Headlong Rush|p1a: Slither Wing
|-resisted|p1a: Slither Wing
|-damage|p1a: Slither Wing|0 fnt
|-unboost|p2a: Ursaluna|def|1
|-unboost|p2a: Ursaluna|spd|1
|faint|p1a: Slither Wing
|-end|p1a: Slither Wing|Protosynthesis|[silent]
|
|-weather|SunnyDay|[upkeep]
|-heal|p2a: Ursaluna|67/100|[from] item: Leftovers
|-damage|p2a: Ursaluna|42/100|[from] Salt Cure
|upkeep
|-message|Level 20 Wizard forfeited.
|
|win|Bomborass
|raw|Level 20 Wizard's rating: 1411 → 1388(-23 for losing)
|raw|Bomborass's rating: 1353 → 1376(+23 for winning)
|l|☆Level 20 Wizard
