|j|☆Wyatt3773
|j|☆treeshhhh
|t:|1685910577
|gametype|singles
|player|p1|Wyatt3773|fisherman-gen4|1204
|player|p2|treeshhhh|102|1171
|teamsize|p1|6
|teamsize|p2|6
|gen|9
|tier|[Gen 9] OU
|rated|
|rule|Sleep Clause Mod: Limit one foe put to sleep
|rule|Species Clause: Limit one of each Pokémon
|rule|OHKO Clause: OHKO moves are banned
|rule|Evasion Items Clause: Evasion items are banned
|rule|Evasion Moves Clause: Evasion moves are banned
|rule|Endless Battle Clause: Forcing endless battles is banned
|rule|HP Percentage Mod: HP is shown in percentages
|clearpoke
|poke|p1|Enamorus, F|
|poke|p1|Tauros-Paldea-Aqua, M|
|poke|p1|Muk-Alola, M|
|poke|p1|Iron Treads|
|poke|p1|Dragapult, M|
|poke|p1|Landorus-Therian, M|
|poke|p2|Gholdengo|
|poke|p2|Sneasler, M|
|poke|p2|Landorus-Therian, M|
|poke|p2|Heatran, F|
|poke|p2|Iron Valiant|
|poke|p2|Basculegion, M|
|teampreview
|inactive|Battle timer is ON: inactive players will automatically lose when time's up. (requested by Wyatt3773)
|
|t:|1685910587
|start
|switch|p1a: Iron Treads|Iron Treads|100/100
|switch|p2a: Landorus|Landorus-Therian, M|100/100
|-ability|p2a: Landorus|Intimidate|boost
|-unboost|p1a: Iron Treads|atk|1
|-enditem|p1a: Iron Treads|Booster Energy
|-activate|p1a: Iron Treads|ability: Quark Drive|[fromitem]
|-start|p1a: Iron Treads|quarkdrivespe
|turn|1
|
|t:|1685910599
|move|p1a: Iron Treads|Ice Spinner|p2a: Landorus
|-supereffective|p2a: Landorus
|-damage|p2a: Landorus|29/100
|move|p2a: Landorus|Earthquake|p1a: Iron Treads
|-supereffective|p1a: Iron Treads
|-damage|p1a: Iron Treads|3/100
|
|-heal|p2a: Landorus|35/100|[from] item: Leftovers
|upkeep
|turn|2
|
|t:|1685910621
|switch|p2a: Basculegion|Basculegion, M|100/100
|move|p1a: Iron Treads|Ice Spinner|p2a: Basculegion
|-resisted|p2a: Basculegion
|-damage|p2a: Basculegion|90/100
|
|upkeep
|turn|3
|
|t:|1685910628
|move|p2a: Basculegion|Aqua Jet|p1a: Iron Treads
|-supereffective|p1a: Iron Treads
|-damage|p1a: Iron Treads|0 fnt
|faint|p1a: Iron Treads
|-end|p1a: Iron Treads|Quark Drive|[silent]
|
|upkeep
|-message|Wyatt3773 forfeited.
|
|win|treeshhhh
|raw|Wyatt3773's rating: 1204 → 1177(-27 for losing)
|raw|treeshhhh's rating: 1171 → 1198(+27 for winning)
|l|☆Wyatt3773
