|j|☆MKE SAWSBUCKS
|j|☆boltaway
|t:|1685857935
|gametype|singles
|player|p1|MKE SAWSBUCKS|cynthia-masters3|
|player|p2|boltaway|erika|
|teamsize|p1|6
|teamsize|p2|6
|gen|9
|tier|[Gen 9] OU
|rule|Sleep Clause Mod: Limit one foe put to sleep
|rule|Species Clause: Limit one of each Pokémon
|rule|OHKO Clause: OHKO moves are banned
|rule|Evasion Items Clause: Evasion items are banned
|rule|Evasion Moves Clause: Evasion moves are banned
|rule|Endless Battle Clause: Forcing endless battles is banned
|rule|HP Percentage Mod: HP is shown in percentages
|clearpoke
|poke|p1|Dragapult, M|
|poke|p1|Kingambit, M|
|poke|p1|Gholdengo|
|poke|p1|Iron Valiant|
|poke|p1|Rotom-Wash|
|poke|p1|Garchomp, M|
|poke|p2|Pawmot, M|
|poke|p2|Floatzel, F|
|poke|p2|Pelipper, F|
|poke|p2|Basculegion, M|
|poke|p2|Thundurus-Therian, M|
|poke|p2|Toedscruel, M|
|teampreview
|c|☆boltaway|gl hf
|c|☆MKE SAWSBUCKS|GL
|
|t:|1685857949
|start
|switch|p1a: Zangetsu|Garchomp, M, shiny|100/100
|switch|p2a: Toedscruel|Toedscruel, M|100/100
|turn|1
|
|t:|1685857961
|move|p1a: Zangetsu|Fire Blast|p2a: Toedscruel
|-supereffective|p2a: Toedscruel
|-damage|p2a: Toedscruel|58/100
|-status|p2a: Toedscruel|brn
|-damage|p1a: Zangetsu|91/100|[from] item: Life Orb
|move|p2a: Toedscruel|Spore|p1a: Zangetsu
|-status|p1a: Zangetsu|slp|[from] move: Spore
|
|-damage|p2a: Toedscruel|52/100 brn|[from] brn
|upkeep
|turn|2
|
|t:|1685857974
|cant|p1a: Zangetsu|slp
|move|p2a: Toedscruel|Leaf Storm|p1a: Zangetsu
|-damage|p1a: Zangetsu|45/100 slp
|-unboost|p2a: Toedscruel|spa|2
|-enditem|p2a: Toedscruel|Eject Pack
|
|t:|1685857980
|switch|p2a: Pelipper|Pelipper, F|100/100
|-weather|RainDance|[from] ability: Drizzle|[of] p2a: Pelipper
|
|-weather|RainDance|[upkeep]
|upkeep
|turn|3
|
|t:|1685857986
|cant|p1a: Zangetsu|slp
|move|p2a: Pelipper|Hurricane|p1a: Zangetsu
|-damage|p1a: Zangetsu|0 fnt
|faint|p1a: Zangetsu
|
|-weather|RainDance|[upkeep]
|upkeep
|
|t:|1685858002
|switch|p1a: Phantom|Rotom-Wash, shiny|100/100
|turn|4
|
|t:|1685858019
|switch|p1a: Leviathan|Dragapult, M, shiny|100/100
|switch|p2a: Toedscruel|Toedscruel, M|52/100 brn
|
|-weather|RainDance|[upkeep]
|-damage|p2a: Toedscruel|46/100 brn|[from] brn
|upkeep
|turn|5
|
|t:|1685858028
|move|p1a: Leviathan|Dragon Darts|p2a: Toedscruel
|-damage|p2a: Toedscruel|0 fnt
|faint|p2a: Toedscruel
|
|-weather|RainDance|[upkeep]
|upkeep
|
|t:|1685858032
|switch|p2a: Basculegion|Basculegion, M|100/100
|turn|6
|
|t:|1685858037
|switch|p1a: Phantom|Rotom-Wash, shiny|100/100
|-terastallize|p2a: Basculegion|Water
|move|p2a: Basculegion|Wave Crash|p1a: Phantom
|-resisted|p1a: Phantom
|-damage|p1a: Phantom|0 fnt
|faint|p1a: Phantom
|-damage|p2a: Basculegion|80/100|[from] Recoil
|
|-weather|RainDance|[upkeep]
|upkeep
|
|t:|1685858052
|switch|p1a: Overgod|Kingambit, M, shiny|100/100
|-activate|p1a: Overgod|ability: Supreme Overlord
|-start|p1a: Overgod|fallen2|[silent]
|turn|7
|
|t:|1685858063
|switch|p2a: Floatzel|Floatzel, F|100/100
|move|p1a: Overgod|Kowtow Cleave|p2a: Floatzel
|-damage|p2a: Floatzel|0 fnt
|faint|p2a: Floatzel
|
|-weather|RainDance|[upkeep]
|upkeep
|
|t:|1685858072
|switch|p2a: Basculegion|Basculegion, M, tera:Water|80/100
|turn|8
|
|t:|1685858081
|move|p2a: Basculegion|Aqua Jet|p1a: Overgod
|-damage|p1a: Overgod|44/100
|move|p1a: Overgod|Sucker Punch||[still]
|-fail|p1a: Overgod
|
|-weather|RainDance|[upkeep]
|upkeep
|turn|9
|
|t:|1685858090
|move|p2a: Basculegion|Aqua Jet|p1a: Overgod
|-damage|p1a: Overgod|0 fnt
|faint|p1a: Overgod
|-end|p1a: Overgod|fallen2|[silent]
|
|-weather|none
|upkeep
|
|t:|1685858105
|switch|p1a: Spirit Rush|Gholdengo|100/100
|turn|10
|
|t:|1685858115
|switch|p2a: Pelipper|Pelipper, F|100/100
|-weather|RainDance|[from] ability: Drizzle|[of] p2a: Pelipper
|move|p1a: Spirit Rush|Shadow Ball|p2a: Pelipper
|-damage|p2a: Pelipper|5/100
|
|-weather|RainDance|[upkeep]
|upkeep
|turn|11
|
|t:|1685858124
|move|p1a: Spirit Rush|Shadow Ball|p2a: Pelipper
|-damage|p2a: Pelipper|0 fnt
|faint|p2a: Pelipper
|
|-weather|RainDance|[upkeep]
|upkeep
|
|t:|1685858126
|switch|p2a: Basculegion|Basculegion, M, tera:Water|80/100
|turn|12
|
|t:|1685858131
|move|p2a: Basculegion|Wave Crash|p1a: Spirit Rush
|-damage|p1a: Spirit Rush|0 fnt
|faint|p1a: Spirit Rush
|-damage|p2a: Basculegion|52/100|[from] Recoil
|
|-weather|RainDance|[upkeep]
|upkeep
|
|t:|1685858134
|switch|p1a: Calamity|Iron Valiant, shiny|100/100
|-enditem|p1a: Calamity|Booster Energy
|-activate|p1a: Calamity|ability: Quark Drive|[fromitem]
|-start|p1a: Calamity|quarkdrivespe
|turn|13
|
|t:|1685858159
|move|p1a: Calamity|Spirit Break|p2a: Basculegion
|-damage|p2a: Basculegion|5/100
|-unboost|p2a: Basculegion|spa|1
|move|p2a: Basculegion|Wave Crash|p1a: Calamity
|-damage|p1a: Calamity|0 fnt
|faint|p1a: Calamity
|-end|p1a: Calamity|Quark Drive|[silent]
|-damage|p2a: Basculegion|0 fnt|[from] Recoil
|faint|p2a: Basculegion
|
|-weather|RainDance|[upkeep]
|upkeep
|
|t:|1685858165
|switch|p1a: Leviathan|Dragapult, M, shiny|100/100
|switch|p2a: Pawmot|Pawmot, M|100/100
|turn|14
|
|t:|1685858184
|-terastallize|p1a: Leviathan|Ghost
|move|p1a: Leviathan|Dragon Darts|p2a: Pawmot
|-damage|p2a: Pawmot|44/100
|-anim|p1a: Leviathan|Dragon Darts|p2a: Pawmot
|-damage|p2a: Pawmot|0 fnt
|faint|p2a: Pawmot
|
|-weather|RainDance|[upkeep]
|upkeep
|
|t:|1685858191
|switch|p2a: Thundurus|Thundurus-Therian, M|100/100
|turn|15
|
|t:|1685858193
|move|p1a: Leviathan|Dragon Darts|p2a: Thundurus
|-damage|p2a: Thundurus|39/100
|-anim|p1a: Leviathan|Dragon Darts|p2a: Thundurus
|-damage|p2a: Thundurus|0 fnt
|faint|p2a: Thundurus
|
|win|MKE SAWSBUCKS
|c|☆boltaway|gg
|c|☆MKE SAWSBUCKS|GG
|l|☆boltaway
