|j|☆Rateco
|j|☆Nintarona
|t:|1685827890
|gametype|singles
|player|p1|Rateco|lady|1000
|player|p2|Nintarona|roxie|1098
|teamsize|p1|6
|teamsize|p2|6
|gen|9
|tier|[Gen 9] OU
|rated|
|rule|Sleep Clause Mod: Limit one foe put to sleep
|rule|Species Clause: Limit one of each Pokémon
|rule|OHKO Clause: OHKO moves are banned
|rule|Evasion Items Clause: Evasion items are banned
|rule|Evasion Moves Clause: Evasion moves are banned
|rule|Endless Battle Clause: Forcing endless battles is banned
|rule|HP Percentage Mod: HP is shown in percentages
|clearpoke
|poke|p1|Ursaluna, F|
|poke|p1|Iron Valiant|
|poke|p1|Garchomp, M|
|poke|p1|Corviknight, M|
|poke|p1|Toxapex, M|
|poke|p1|Iron Treads|
|poke|p2|Chien-Pao|
|poke|p2|Cinderace, F|
|poke|p2|Rotom-Wash|
|poke|p2|Gholdengo|
|poke|p2|Glimmora, F|
|poke|p2|Zapdos-Galar|
|teampreview
|
|t:|1685827901
|start
|switch|p1a: Garchomp|Garchomp, M|100/100
|switch|p2a: Glimmora|Glimmora, F|100/100
|turn|1
|
|t:|1685827912
|-terastallize|p2a: Glimmora|Grass
|move|p1a: Garchomp|Stealth Rock|p2a: Glimmora
|-sidestart|p2: Nintarona|move: Stealth Rock
|move|p2a: Glimmora|Mortal Spin|p1a: Garchomp
|-resisted|p1a: Garchomp
|-damage|p1a: Garchomp|98/100
|-status|p1a: Garchomp|psn
|-damage|p2a: Glimmora|88/100|[from] ability: Rough Skin|[of] p1a: Garchomp
|-damage|p2a: Glimmora|72/100|[from] item: Rocky Helmet|[of] p1a: Garchomp
|-sideend|p2: Nintarona|Stealth Rock|[from] move: Mortal Spin|[of] p2a: Glimmora
|
|-damage|p1a: Garchomp|86/100 psn|[from] psn
|upkeep
|turn|2
|
|t:|1685827950
|switch|p1a: Corviknight|Corviknight, M|100/100
|-ability|p1a: Corviknight|Pressure
|move|p2a: Glimmora|Energy Ball|p1a: Corviknight
|-resisted|p1a: Corviknight
|-damage|p1a: Corviknight|88/100
|
|-heal|p1a: Corviknight|95/100|[from] item: Leftovers
|upkeep
|turn|3
|
|t:|1685828000
|switch|p2a: Rotom|Rotom-Wash|100/100
|move|p1a: Corviknight|Brave Bird|p2a: Rotom
|-resisted|p2a: Rotom
|-damage|p2a: Rotom|87/100
|-damage|p1a: Corviknight|91/100|[from] Recoil
|
|-heal|p1a: Corviknight|98/100|[from] item: Leftovers
|upkeep
|turn|4
|
|t:|1685828029
|switch|p1a: Toxapex|Toxapex, M|100/100
|move|p2a: Rotom|Trick|p1a: Toxapex
|-activate|p2a: Rotom|move: Trick|[of] p1a: Toxapex
|-item|p1a: Toxapex|Choice Scarf|[from] move: Trick
|-item|p2a: Rotom|Assault Vest|[from] move: Trick
|
|upkeep
|turn|5
|
|t:|1685828051
|move|p2a: Rotom|Volt Switch|p1a: Toxapex
|-supereffective|p1a: Toxapex
|-damage|p1a: Toxapex|57/100
|
|t:|1685828064
|switch|p2a: Gholdengo|Gholdengo|100/100|[from] Volt Switch
|move|p1a: Toxapex|Sludge Bomb|p2a: Gholdengo
|-immune|p2a: Gholdengo
|
|upkeep
|turn|6
|
|t:|1685828089
|switch|p1a: Iron Treads|Iron Treads|100/100
|move|p2a: Gholdengo|Nasty Plot|p2a: Gholdengo
|-boost|p2a: Gholdengo|spa|2
|
|upkeep
|turn|7
|
|t:|1685828108
|switch|p2a: Rotom|Rotom-Wash|87/100
|move|p1a: Iron Treads|Earthquake|p2a: Rotom
|-immune|p2a: Rotom|[from] ability: Levitate
|
|upkeep
|turn|8
|
|t:|1685828121
|move|p1a: Iron Treads|Volt Switch|p2a: Rotom
|-damage|p2a: Rotom|79/100
|
|t:|1685828135
|-end|p1a: Iron Treads|Quark Drive|[silent]
|switch|p1a: Toxapex|Toxapex, M|90/100|[from] Volt Switch
|move|p2a: Rotom|Hydro Pump|p1a: Toxapex
|-resisted|p1a: Toxapex
|-damage|p1a: Toxapex|73/100
|
|upkeep
|turn|9
|
|t:|1685828144
|move|p2a: Rotom|Volt Switch|p1a: Toxapex
|-supereffective|p1a: Toxapex
|-damage|p1a: Toxapex|34/100
|
|t:|1685828151
|switch|p2a: Gholdengo|Gholdengo|100/100|[from] Volt Switch
|move|p1a: Toxapex|Infestation|p2a: Gholdengo
|-resisted|p2a: Gholdengo
|-damage|p2a: Gholdengo|99/100
|-activate|p2a: Gholdengo|move: Infestation|[of] p1a: Toxapex
|
|-damage|p2a: Gholdengo|87/100|[from] move: Infestation|[partiallytrapped]
|upkeep
|turn|10
|
|t:|1685828161
|switch|p1a: Iron Treads|Iron Treads|100/100
|move|p2a: Gholdengo|Shadow Ball|p1a: Iron Treads
|-damage|p1a: Iron Treads|68/100
|-unboost|p1a: Iron Treads|spd|1
|
|-heal|p1a: Iron Treads|74/100|[from] item: Leftovers
|-end|p2a: Gholdengo|Infestation|[partiallytrapped]|[silent]
|upkeep
|turn|11
|
|t:|1685828190
|switch|p2a: Rotom|Rotom-Wash|79/100
|move|p1a: Iron Treads|Knock Off|p2a: Rotom
|-damage|p2a: Rotom|61/100
|-enditem|p2a: Rotom|Assault Vest|[from] move: Knock Off|[of] p1a: Iron Treads
|
|-heal|p1a: Iron Treads|80/100|[from] item: Leftovers
|upkeep
|turn|12
|
|t:|1685828200
|-end|p1a: Iron Treads|Quark Drive|[silent]
|switch|p1a: Toxapex|Toxapex, M|68/100
|move|p2a: Rotom|Nasty Plot|p2a: Rotom
|-boost|p2a: Rotom|spa|2
|
|upkeep
|turn|13
|
|t:|1685828245
|move|p2a: Rotom|Volt Switch|p1a: Toxapex
|-supereffective|p1a: Toxapex
|-damage|p1a: Toxapex|0 fnt
|faint|p1a: Toxapex
|
|t:|1685828265
|switch|p2a: Chien-Pao|Chien-Pao|100/100|[from] Volt Switch
|-ability|p2a: Chien-Pao|Sword of Ruin
|
|upkeep
|
|t:|1685828279
|switch|p1a: Garchomp|Garchomp, M|86/100 psn
|turn|14
|
|t:|1685828294
|move|p2a: Chien-Pao|Ice Spinner|p1a: Garchomp
|-supereffective|p1a: Garchomp
|-damage|p1a: Garchomp|0 fnt
|-damage|p2a: Chien-Pao|88/100|[from] ability: Rough Skin|[of] p1a: Garchomp
|-damage|p2a: Chien-Pao|72/100|[from] item: Rocky Helmet|[of] p1a: Garchomp
|faint|p1a: Garchomp
|
|upkeep
|
|t:|1685828301
|switch|p1a: Iron Valiant|Iron Valiant, shiny|100/100
|-enditem|p1a: Iron Valiant|Booster Energy
|-activate|p1a: Iron Valiant|ability: Quark Drive|[fromitem]
|-start|p1a: Iron Valiant|quarkdrivespe
|turn|15
|
|t:|1685828340
|switch|p2a: Gholdengo|Gholdengo|87/100
|move|p1a: Iron Valiant|Psyshock|p2a: Gholdengo
|-resisted|p2a: Gholdengo
|-damage|p2a: Gholdengo|71/100
|
|upkeep
|turn|16
|
|t:|1685828364
|move|p1a: Iron Valiant|Thunderbolt|p2a: Gholdengo
|-damage|p2a: Gholdengo|35/100
|move|p2a: Gholdengo|Nasty Plot|p2a: Gholdengo
|-boost|p2a: Gholdengo|spa|2
|
|upkeep
|turn|17
|
|t:|1685828373
|move|p1a: Iron Valiant|Thunderbolt|p2a: Gholdengo
|-damage|p2a: Gholdengo|2/100
|move|p2a: Gholdengo|Make It Rain|p1a: Iron Valiant
|-supereffective|p1a: Iron Valiant
|-damage|p1a: Iron Valiant|0 fnt
|-unboost|p2a: Gholdengo|spa|1
|faint|p1a: Iron Valiant
|-end|p1a: Iron Valiant|Quark Drive|[silent]
|
|upkeep
|
|t:|1685828384
|switch|p1a: Corviknight|Corviknight, M|98/100
|-ability|p1a: Corviknight|Pressure
|turn|18
|
|t:|1685828411
|move|p2a: Gholdengo|Shadow Ball|p1a: Corviknight
|-damage|p1a: Corviknight|40/100
|-unboost|p1a: Corviknight|spd|1
|move|p1a: Corviknight|Body Press|p2a: Gholdengo
|-immune|p2a: Gholdengo
|
|-heal|p1a: Corviknight|47/100|[from] item: Leftovers
|upkeep
|turn|19
|
|t:|1685828449
|move|p2a: Gholdengo|Recover|p2a: Gholdengo
|-heal|p2a: Gholdengo|53/100
|move|p1a: Corviknight|Roost|p1a: Corviknight
|-heal|p1a: Corviknight|97/100
|-singleturn|p1a: Corviknight|move: Roost
|
|-heal|p1a: Corviknight|100/100|[from] item: Leftovers
|upkeep
|turn|20
|
|t:|1685828459
|move|p2a: Gholdengo|Shadow Ball|p1a: Corviknight
|-damage|p1a: Corviknight|2/100
|move|p1a: Corviknight|Brave Bird|p2a: Gholdengo
|-resisted|p2a: Gholdengo
|-damage|p2a: Gholdengo|31/100
|-damage|p1a: Corviknight|0 fnt|[from] Recoil
|faint|p1a: Corviknight
|
|upkeep
|
|t:|1685828467
|switch|p1a: Iron Treads|Iron Treads|80/100
|turn|21
|
|t:|1685828474
|switch|p2a: Rotom|Rotom-Wash|61/100
|move|p1a: Iron Treads|Knock Off|p2a: Rotom
|-damage|p2a: Rotom|48/100
|
|-heal|p1a: Iron Treads|86/100|[from] item: Leftovers
|upkeep
|turn|22
|
|t:|1685828486
|-terastallize|p1a: Iron Treads|Flying
|move|p1a: Iron Treads|Rapid Spin|p2a: Rotom
|-damage|p2a: Rotom|37/100
|-boost|p1a: Iron Treads|spe|1
|move|p2a: Rotom|Nasty Plot|p2a: Rotom
|-boost|p2a: Rotom|spa|2
|
|-heal|p1a: Iron Treads|92/100|[from] item: Leftovers
|upkeep
|turn|23
|
|t:|1685828498
|move|p1a: Iron Treads|Knock Off|p2a: Rotom
|-damage|p2a: Rotom|24/100
|move|p2a: Rotom|Volt Switch|p1a: Iron Treads
|-supereffective|p1a: Iron Treads
|-damage|p1a: Iron Treads|16/100
|
|t:|1685828507
|switch|p2a: Zapdos|Zapdos-Galar|100/100|[from] Volt Switch
|
|-heal|p1a: Iron Treads|22/100|[from] item: Leftovers
|upkeep
|turn|24
|
|t:|1685828513
|move|p2a: Zapdos|Thunderous Kick|p1a: Iron Treads
|-resisted|p1a: Iron Treads
|-damage|p1a: Iron Treads|6/100
|-unboost|p1a: Iron Treads|def|1
|move|p1a: Iron Treads|Volt Switch|p2a: Zapdos
|-supereffective|p2a: Zapdos
|-damage|p2a: Zapdos|76/100
|
|t:|1685828521
|-end|p1a: Iron Treads|Quark Drive|[silent]
|switch|p1a: Ursaluna|Ursaluna, F, shiny|100/100|[from] Volt Switch
|
|-status|p1a: Ursaluna|brn|[from] item: Flame Orb
|upkeep
|turn|25
|
|t:|1685828538
|move|p2a: Zapdos|Thunderous Kick|p1a: Ursaluna
|-supereffective|p1a: Ursaluna
|-damage|p1a: Ursaluna|33/100 brn
|-unboost|p1a: Ursaluna|def|1
|move|p1a: Ursaluna|Close Combat|p2a: Zapdos
|-resisted|p2a: Zapdos
|-damage|p2a: Zapdos|34/100
|-unboost|p1a: Ursaluna|def|1
|-unboost|p1a: Ursaluna|spd|1
|
|-damage|p1a: Ursaluna|27/100 brn|[from] brn
|upkeep
|turn|26
|
|t:|1685828549
|move|p2a: Zapdos|Thunderous Kick|p1a: Ursaluna
|-supereffective|p1a: Ursaluna
|-damage|p1a: Ursaluna|0 fnt
|faint|p1a: Ursaluna
|
|upkeep
|
|t:|1685828552
|switch|p1a: Iron Treads|Iron Treads, tera:Flying|6/100
|turn|27
|
|t:|1685828555
|move|p2a: Zapdos|Thunderous Kick|p1a: Iron Treads
|-resisted|p1a: Iron Treads
|-crit|p1a: Iron Treads
|-damage|p1a: Iron Treads|0 fnt
|faint|p1a: Iron Treads
|-end|p1a: Iron Treads|Quark Drive|[silent]
|
|win|Nintarona
|raw|Rateco's rating: 1000 → 1000(+0 for losing)
|raw|Nintarona's rating: 1098 → 1116(+18 for winning)
|l|☆Rateco
|c|☆Nintarona|gg
