|j|☆LowELOtest
|j|☆Lucario'sIllusion
|t:|1685852557
|gametype|singles
|player|p1|LowELOtest|misty|1475
|player|p2|Lucario'sIllusion|iris-gen5bw2|1384
|teamsize|p1|6
|teamsize|p2|6
|gen|9
|tier|[Gen 9] OU
|rated|
|rule|Sleep Clause Mod: Limit one foe put to sleep
|rule|Species Clause: Limit one of each Pokémon
|rule|OHKO Clause: OHKO moves are banned
|rule|Evasion Items Clause: Evasion items are banned
|rule|Evasion Moves Clause: Evasion moves are banned
|rule|Endless Battle Clause: Forcing endless battles is banned
|rule|HP Percentage Mod: HP is shown in percentages
|clearpoke
|poke|p1|Kleavor, F|
|poke|p1|Pelipper, F|
|poke|p1|Basculegion, M|
|poke|p1|Iron Treads|
|poke|p1|Rabsca, F|
|poke|p1|Dragonite, M|
|poke|p2|Glimmora, M|
|poke|p2|Magearna|
|poke|p2|Lilligant-Hisui, F|
|poke|p2|Chien-Pao|
|poke|p2|Gholdengo|
|poke|p2|Kingambit, F|
|teampreview
|inactive|Battle timer is ON: inactive players will automatically lose when time's up. (requested by Lucario'sIllusion)
|inactive|LowELOtest also wants the timer to be on.
|c|☆LowELOtest|Glhf
|c|☆Lucario'sIllusion|glhf
|
|t:|1685852579
|start
|switch|p1a: Iron Treads|Iron Treads|100/100
|switch|p2a: Glimmora|Glimmora, M|100/100
|turn|1
|
|t:|1685852583
|move|p1a: Iron Treads|Earthquake|p2a: Glimmora
|-supereffective|p2a: Glimmora
|-damage|p2a: Glimmora|0 fnt
|-activate|p2a: Glimmora|ability: Toxic Debris
|-sidestart|p1: LowELOtest|move: Toxic Spikes
|faint|p2a: Glimmora
|
|upkeep
|
|t:|1685852588
|switch|p2a: Lilligant|Lilligant-Hisui, F|100/100
|turn|2
|
|t:|1685852593
|move|p2a: Lilligant|Victory Dance|p2a: Lilligant
|-boost|p2a: Lilligant|atk|1
|-boost|p2a: Lilligant|def|1
|-boost|p2a: Lilligant|spe|1
|move|p1a: Iron Treads|Rapid Spin|p2a: Lilligant
|-damage|p2a: Lilligant|83/100
|-boost|p1a: Iron Treads|spe|1
|-sideend|p1: LowELOtest|Toxic Spikes|[from] move: Rapid Spin|[of] p1a: Iron Treads
|
|upkeep
|turn|3
|
|t:|1685852619
|-end|p1a: Iron Treads|Quark Drive|[silent]
|switch|p1a: Pelipper|Pelipper, F|100/100
|-weather|RainDance|[from] ability: Drizzle|[of] p1a: Pelipper
|move|p2a: Lilligant|Victory Dance|p2a: Lilligant
|-boost|p2a: Lilligant|atk|1
|-boost|p2a: Lilligant|def|1
|-boost|p2a: Lilligant|spe|1
|
|-weather|RainDance|[upkeep]
|upkeep
|turn|4
|
|t:|1685852624
|move|p2a: Lilligant|Leaf Blade|p1a: Pelipper
|-damage|p1a: Pelipper|14/100
|move|p1a: Pelipper|Hurricane|p2a: Lilligant
|-supereffective|p2a: Lilligant
|-damage|p2a: Lilligant|0 fnt
|faint|p2a: Lilligant
|
|-weather|RainDance|[upkeep]
|upkeep
|
|t:|1685852641
|switch|p2a: Chien-Pao|Chien-Pao|100/100
|-ability|p2a: Chien-Pao|Sword of Ruin
|turn|5
|
|t:|1685852645
|move|p2a: Chien-Pao|Swords Dance|p2a: Chien-Pao
|-boost|p2a: Chien-Pao|atk|2
|move|p1a: Pelipper|Hurricane|p2a: Chien-Pao
|-damage|p2a: Chien-Pao|45/100
|-start|p2a: Chien-Pao|confusion
|
|-weather|RainDance|[upkeep]
|upkeep
|turn|6
|
|t:|1685852652
|-activate|p2a: Chien-Pao|confusion
|-damage|p2a: Chien-Pao|10/100|[from] confusion
|move|p1a: Pelipper|Hurricane|p2a: Chien-Pao
|-damage|p2a: Chien-Pao|0 fnt
|faint|p2a: Chien-Pao
|
|-weather|RainDance|[upkeep]
|upkeep
|
|t:|1685852656
|switch|p2a: Gholdengo|Gholdengo|100/100
|turn|7
|
|t:|1685852659
|move|p2a: Gholdengo|Shadow Ball|p1a: Pelipper
|-damage|p1a: Pelipper|0 fnt
|faint|p1a: Pelipper
|
|-weather|RainDance|[upkeep]
|upkeep
|
|t:|1685852661
|switch|p1a: Basculegion|Basculegion, M|100/100
|turn|8
|
|t:|1685852665
|-terastallize|p1a: Basculegion|Water
|move|p1a: Basculegion|Wave Crash|p2a: Gholdengo
|-damage|p2a: Gholdengo|0 fnt
|faint|p2a: Gholdengo
|-damage|p1a: Basculegion|73/100|[from] Recoil
|
|-weather|RainDance|[upkeep]
|upkeep
|
|t:|1685852670
|switch|p2a: Kingambit|Kingambit, F|100/100
|-activate|p2a: Kingambit|ability: Supreme Overlord
|-start|p2a: Kingambit|fallen4|[silent]
|turn|9
|
|t:|1685852684
|switch|p1a: Kleavor|Kleavor, F|100/100
|move|p2a: Kingambit|Sucker Punch||[still]
|-fail|p2a: Kingambit
|
|-weather|RainDance|[upkeep]
|upkeep
|turn|10
|
|t:|1685852691
|move|p1a: Kleavor|Close Combat|p2a: Kingambit
|-supereffective|p2a: Kingambit
|-damage|p2a: Kingambit|0 fnt
|-unboost|p1a: Kleavor|def|1
|-unboost|p1a: Kleavor|spd|1
|faint|p2a: Kingambit
|-end|p2a: Kingambit|fallen4|[silent]
|
|-weather|none
|upkeep
|
|t:|1685852694
|switch|p2a: Magearna|Magearna|100/100
|turn|11
|
|t:|1685852701
|move|p1a: Kleavor|U-turn|p2a: Magearna
|-resisted|p2a: Magearna
|-damage|p2a: Magearna|92/100
|
|t:|1685852703
|switch|p1a: Iron Treads|Iron Treads|100/100|[from] U-turn
|move|p2a: Magearna|Calm Mind|p2a: Magearna
|-boost|p2a: Magearna|spa|1
|-boost|p2a: Magearna|spd|1
|
|upkeep
|turn|12
|
|t:|1685852707
|-terastallize|p2a: Magearna|Water
|move|p1a: Iron Treads|Earthquake|p2a: Magearna
|-damage|p2a: Magearna|42/100
|move|p2a: Magearna|Shift Gear|p2a: Magearna
|-boost|p2a: Magearna|spe|2
|-boost|p2a: Magearna|atk|1
|
|upkeep
|turn|13
|
|t:|1685852721
|move|p2a: Magearna|Draining Kiss|p1a: Iron Treads
|-resisted|p1a: Iron Treads
|-damage|p1a: Iron Treads|76/100
|-heal|p2a: Magearna|60/100|[from] drain|[of] p1a: Iron Treads
|-damage|p2a: Magearna|50/100|[from] item: Life Orb
|move|p1a: Iron Treads|Earthquake|p2a: Magearna
|-damage|p2a: Magearna|5/100
|
|upkeep
|turn|14
|
|t:|1685852726
|move|p2a: Magearna|Stored Power|p1a: Iron Treads
|-resisted|p1a: Iron Treads
|-damage|p1a: Iron Treads|36/100
|-damage|p2a: Magearna|0 fnt|[from] item: Life Orb
|faint|p2a: Magearna
|
|win|LowELOtest
|raw|LowELOtest's rating: 1475 → 1490(+15 for winning)
|raw|Lucario'sIllusion's rating: 1384 → 1369(-15 for losing)
|c|☆LowELOtest|Gg
