|j|☆scurge
|j|☆No1MariaGoreySimp
|t:|1685850233
|gametype|singles
|player|p1|scurge|lucas|1657
|player|p2|No1MariaGoreySimp|iono|1711
|teamsize|p1|6
|teamsize|p2|6
|gen|9
|tier|[Gen 9] OU
|rated|
|rule|Sleep Clause Mod: Limit one foe put to sleep
|rule|Species Clause: Limit one of each Pokémon
|rule|OHKO Clause: OHKO moves are banned
|rule|Evasion Items Clause: Evasion items are banned
|rule|Evasion Moves Clause: Evasion moves are banned
|rule|Endless Battle Clause: Forcing endless battles is banned
|rule|HP Percentage Mod: HP is shown in percentages
|clearpoke
|poke|p1|Lilligant-Hisui, F|
|poke|p1|Zamazenta-*|
|poke|p1|Roaring Moon|
|poke|p1|Urshifu-*, M|
|poke|p1|Skeledirge, M|
|poke|p1|Zapdos-Galar|
|poke|p2|Enamorus, F|
|poke|p2|Thundurus-Therian, M|
|poke|p2|Chien-Pao|
|poke|p2|Great Tusk|
|poke|p2|Volcanion|
|poke|p2|Zamazenta-*|
|teampreview
|inactive|Battle timer is ON: inactive players will automatically lose when time's up. (requested by No1MariaGoreySimp)
|
|t:|1685850254
|start
|switch|p1a: Zapdos|Zapdos-Galar|100/100
|switch|p2a: Chien-Pao|Chien-Pao|100/100
|-ability|p2a: Chien-Pao|Sword of Ruin
|turn|1
|
|t:|1685850276
|move|p1a: Zapdos|Thunderous Kick|p2a: Chien-Pao
|-supereffective|p2a: Chien-Pao
|-damage|p2a: Chien-Pao|0 fnt
|faint|p2a: Chien-Pao
|
|upkeep
|inactive|No1MariaGoreySimp has 120 seconds left.
|
|t:|1685850292
|switch|p2a: Enamorus|Enamorus, F|100/100
|turn|2
|
|t:|1685850298
|switch|p1a: Skeledirge|Skeledirge, M|100/100
|move|p2a: Enamorus|Earth Power|p1a: Skeledirge
|-supereffective|p1a: Skeledirge
|-damage|p1a: Skeledirge|55/100
|
|upkeep
|turn|3
|
|t:|1685850304
|move|p2a: Enamorus|Earth Power|p1a: Skeledirge
|-supereffective|p1a: Skeledirge
|-damage|p1a: Skeledirge|8/100
|move|p1a: Skeledirge|Slack Off|p1a: Skeledirge
|-heal|p1a: Skeledirge|58/100
|
|upkeep
|turn|4
|
|t:|1685850307
|switch|p1a: Zapdos|Zapdos-Galar|100/100
|move|p2a: Enamorus|Earth Power|p1a: Zapdos
|-immune|p1a: Zapdos
|
|upkeep
|turn|5
|
|t:|1685850312
|switch|p2a: Zamazenta|Zamazenta-Crowned|100/100
|-ability|p2a: Zamazenta|Dauntless Shield|boost
|-boost|p2a: Zamazenta|def|1
|move|p1a: Zapdos|Brave Bird|p2a: Zamazenta
|-damage|p2a: Zamazenta|76/100
|-damage|p1a: Zapdos|92/100|[from] Recoil
|
|upkeep
|turn|6
|
|t:|1685850317
|switch|p1a: Skeledirge|Skeledirge, M|58/100
|move|p2a: Zamazenta|Behemoth Bash|p1a: Skeledirge
|-resisted|p1a: Skeledirge
|-damage|p1a: Skeledirge|40/100
|
|upkeep
|turn|7
|
|t:|1685850322
|move|p2a: Zamazenta|Crunch|p1a: Skeledirge
|-supereffective|p1a: Skeledirge
|-damage|p1a: Skeledirge|2/100
|move|p1a: Skeledirge|Slack Off|p1a: Skeledirge
|-heal|p1a: Skeledirge|52/100
|
|upkeep
|turn|8
|
|t:|1685850325
|move|p2a: Zamazenta|Crunch|p1a: Skeledirge
|-supereffective|p1a: Skeledirge
|-damage|p1a: Skeledirge|15/100
|move|p1a: Skeledirge|Slack Off|p1a: Skeledirge
|-heal|p1a: Skeledirge|65/100
|
|upkeep
|turn|9
|
|t:|1685850329
|move|p2a: Zamazenta|Crunch|p1a: Skeledirge
|-supereffective|p1a: Skeledirge
|-damage|p1a: Skeledirge|27/100
|-unboost|p1a: Skeledirge|def|1
|move|p1a: Skeledirge|Will-O-Wisp|p2a: Zamazenta
|-status|p2a: Zamazenta|brn
|
|-damage|p2a: Zamazenta|70/100 brn|[from] brn
|upkeep
|turn|10
|j| amob
|
|t:|1685850337
|move|p2a: Zamazenta|Crunch|p1a: Skeledirge
|-supereffective|p1a: Skeledirge
|-damage|p1a: Skeledirge|1/100
|-unboost|p1a: Skeledirge|def|1
|move|p1a: Skeledirge|Slack Off|p1a: Skeledirge
|-heal|p1a: Skeledirge|52/100
|
|-damage|p2a: Zamazenta|64/100 brn|[from] brn
|upkeep
|turn|11
|
|t:|1685850341
|move|p2a: Zamazenta|Crunch|p1a: Skeledirge
|-supereffective|p1a: Skeledirge
|-damage|p1a: Skeledirge|18/100
|move|p1a: Skeledirge|Slack Off|p1a: Skeledirge
|-heal|p1a: Skeledirge|68/100
|
|-damage|p2a: Zamazenta|58/100 brn|[from] brn
|upkeep
|turn|12
|
|t:|1685850346
|move|p2a: Zamazenta|Crunch|p1a: Skeledirge
|-supereffective|p1a: Skeledirge
|-damage|p1a: Skeledirge|31/100
|move|p1a: Skeledirge|Torch Song|p2a: Zamazenta
|-supereffective|p2a: Zamazenta
|-damage|p2a: Zamazenta|13/100 brn
|-boost|p1a: Skeledirge|spa|1
|
|-damage|p2a: Zamazenta|7/100 brn|[from] brn
|upkeep
|turn|13
|
|t:|1685850351
|move|p2a: Zamazenta|Crunch|p1a: Skeledirge
|-supereffective|p1a: Skeledirge
|-damage|p1a: Skeledirge|0 fnt
|faint|p1a: Skeledirge
|
|-damage|p2a: Zamazenta|0 fnt|[from] brn
|faint|p2a: Zamazenta
|upkeep
|
|t:|1685850360
|switch|p2a: Enamorus|Enamorus, F|100/100
|switch|p1a: Zapdos|Zapdos-Galar|92/100
|turn|14
|
|t:|1685850365
|move|p2a: Enamorus|Moonblast|p1a: Zapdos
|-supereffective|p1a: Zapdos
|-damage|p1a: Zapdos|0 fnt
|faint|p1a: Zapdos
|
|upkeep
|
|t:|1685850382
|switch|p1a: Lilligant|Lilligant-Hisui, F|100/100
|turn|15
|
|t:|1685850399
|-terastallize|p1a: Lilligant|Ghost
|move|p2a: Enamorus|Moonblast|p1a: Lilligant
|-damage|p1a: Lilligant|19/100
|move|p1a: Lilligant|Victory Dance|p1a: Lilligant
|-boost|p1a: Lilligant|atk|1
|-boost|p1a: Lilligant|def|1
|-boost|p1a: Lilligant|spe|1
|
|upkeep
|turn|16
|
|t:|1685850405
|move|p2a: Enamorus|Moonblast|p1a: Lilligant
|-damage|p1a: Lilligant|0 fnt
|faint|p1a: Lilligant
|
|upkeep
|
|t:|1685850415
|switch|p1a: Zamazenta|Zamazenta-Crowned|100/100
|-ability|p1a: Zamazenta|Dauntless Shield|boost
|-boost|p1a: Zamazenta|def|1
|turn|17
|
|t:|1685850423
|switch|p2a: Volcanion|Volcanion|100/100
|move|p1a: Zamazenta|Behemoth Bash|p2a: Volcanion
|-resisted|p2a: Volcanion
|-damage|p2a: Volcanion|93/100
|
|upkeep
|turn|18
|
|t:|1685850427
|switch|p1a: Urshifu|Urshifu-Rapid-Strike, M|100/100
|move|p2a: Volcanion|Flamethrower|p1a: Urshifu
|-resisted|p1a: Urshifu
|-damage|p1a: Urshifu|60/100
|
|upkeep
|turn|19
|
|t:|1685850432
|move|p1a: Urshifu|Thunder Punch|p2a: Volcanion
|-supereffective|p2a: Volcanion
|-damage|p2a: Volcanion|35/100
|move|p2a: Volcanion|Steam Eruption|p1a: Urshifu
|-resisted|p1a: Urshifu
|-damage|p1a: Urshifu|14/100
|-status|p1a: Urshifu|brn
|
|-damage|p1a: Urshifu|8/100 brn|[from] brn
|upkeep
|turn|20
|
|t:|1685850438
|move|p1a: Urshifu|Thunder Punch|p2a: Volcanion
|-supereffective|p2a: Volcanion
|-damage|p2a: Volcanion|6/100
|move|p2a: Volcanion|Flamethrower|p1a: Urshifu
|-resisted|p1a: Urshifu
|-damage|p1a: Urshifu|0 fnt
|faint|p1a: Urshifu
|
|upkeep
|
|t:|1685850454
|switch|p1a: Zamazenta|Zamazenta-Crowned|100/100
|turn|21
|
|t:|1685850457
|move|p1a: Zamazenta|Body Press|p2a: Volcanion
|-damage|p2a: Volcanion|0 fnt
|faint|p2a: Volcanion
|
|upkeep
|
|t:|1685850461
|switch|p2a: Thundurus|Thundurus-Therian, M|100/100
|turn|22
|
|t:|1685850471
|switch|p1a: Roaring Moon|Roaring Moon|100/100
|-enditem|p1a: Roaring Moon|Booster Energy
|-activate|p1a: Roaring Moon|ability: Protosynthesis|[fromitem]
|-start|p1a: Roaring Moon|protosynthesisatk
|move|p2a: Thundurus|Nasty Plot|p2a: Thundurus
|-boost|p2a: Thundurus|spa|2
|
|upkeep
|turn|23
|
|t:|1685850479
|move|p1a: Roaring Moon|Crunch|p2a: Thundurus
|-damage|p2a: Thundurus|3/100
|move|p2a: Thundurus|Focus Blast|p1a: Roaring Moon
|-supereffective|p1a: Roaring Moon
|-damage|p1a: Roaring Moon|0 fnt
|faint|p1a: Roaring Moon
|-end|p1a: Roaring Moon|Protosynthesis|[silent]
|
|upkeep
|
|t:|1685850484
|switch|p1a: Zamazenta|Zamazenta-Crowned|100/100
|turn|24
|
|t:|1685850488
|move|p1a: Zamazenta|Body Press|p2a: Thundurus
|-resisted|p2a: Thundurus
|-crit|p2a: Thundurus
|-damage|p2a: Thundurus|0 fnt
|faint|p2a: Thundurus
|
|upkeep
|
|t:|1685850491
|switch|p2a: Great Tusk|Great Tusk|100/100
|turn|25
|
|t:|1685850494
|move|p1a: Zamazenta|Iron Defense|p1a: Zamazenta
|-boost|p1a: Zamazenta|def|2
|move|p2a: Great Tusk|Earthquake|p1a: Zamazenta
|-supereffective|p1a: Zamazenta
|-damage|p1a: Zamazenta|74/100
|
|upkeep
|turn|26
|
|t:|1685850497
|move|p1a: Zamazenta|Body Press|p2a: Great Tusk
|-damage|p2a: Great Tusk|68/100
|move|p2a: Great Tusk|Earthquake|p1a: Zamazenta
|-supereffective|p1a: Zamazenta
|-damage|p1a: Zamazenta|43/100
|
|-heal|p2a: Great Tusk|74/100|[from] item: Leftovers
|upkeep
|turn|27
|-message|scurge forfeited.
|
|win|No1MariaGoreySimp
|raw|scurge's rating: 1657 → 1640(-17 for losing)
|raw|No1MariaGoreySimp's rating: 1711 → 1728(+17 for winning)
|l|☆scurge
|l|☆No1MariaGoreySimp
