|j|☆gabe vincent
|j|☆illuzionist bald
|t:|1685924687
|gametype|singles
|player|p1|gabe vincent|ghetsis|1700
|player|p2|illuzionist bald|oak-gen1|1780
|teamsize|p1|6
|teamsize|p2|6
|gen|9
|tier|[Gen 9] OU
|rated|
|rule|Sleep Clause Mod: Limit one foe put to sleep
|rule|Species Clause: Limit one of each Pokémon
|rule|OHKO Clause: OHKO moves are banned
|rule|Evasion Items Clause: Evasion items are banned
|rule|Evasion Moves Clause: Evasion moves are banned
|rule|Endless Battle Clause: Forcing endless battles is banned
|rule|HP Percentage Mod: HP is shown in percentages
|clearpoke
|poke|p1|Hoopa-Unbound|
|poke|p1|Ursaluna, F|
|poke|p1|Chien-Pao|
|poke|p1|Dragapult, F|
|poke|p1|Cresselia, F|
|poke|p1|Avalugg-Hisui, M|
|poke|p2|Pelipper, F|
|poke|p2|Basculegion-F, F|
|poke|p2|Overqwil, F|
|poke|p2|Volcanion|
|poke|p2|Orthworm, F|
|poke|p2|Thundurus-Therian, M|
|teampreview
|j| Pokemon Hates Me
|
|t:|1685924731
|start
|switch|p1a: Incineroarr|Hoopa-Unbound|100/100
|switch|p2a: Orthworm|Orthworm, F|100/100
|turn|1
|
|t:|1685924739
|move|p1a: Incineroarr|Focus Blast|p2a: Orthworm|[miss]
|-miss|p1a: Incineroarr|p2a: Orthworm
|move|p2a: Orthworm|Stealth Rock|p1a: Incineroarr
|-sidestart|p1: gabe vincent|move: Stealth Rock
|
|upkeep
|turn|2
|
|t:|1685924750
|switch|p2a: Pelipper|Pelipper, F|100/100
|-weather|RainDance|[from] ability: Drizzle|[of] p2a: Pelipper
|move|p1a: Incineroarr|Psychic|p2a: Pelipper
|-damage|p2a: Pelipper|0 fnt
|faint|p2a: Pelipper
|-damage|p1a: Incineroarr|91/100|[from] item: Life Orb
|
|-weather|RainDance|[upkeep]
|upkeep
|c|☆illuzionist bald|god help
|
|t:|1685924755
|switch|p2a: Volcanion|Volcanion|100/100
|turn|3
|c|☆gabe vincent|nice balsack
|c|☆illuzionist bald|yeah now its you turn
|
|t:|1685924775
|switch|p1a: FAKEAID|Ursaluna, F|100/100
|-damage|p1a: FAKEAID|94/100|[from] Stealth Rock
|-terastallize|p2a: Volcanion|Water
|move|p2a: Volcanion|Steam Eruption|p1a: FAKEAID
|-supereffective|p1a: FAKEAID
|-damage|p1a: FAKEAID|0 fnt
|faint|p1a: FAKEAID
|
|-weather|RainDance|[upkeep]
|upkeep
|
|t:|1685924784
|switch|p1a: ScaryTerry|Avalugg-Hisui, M|100/100
|turn|4
|
|t:|1685924789
|move|p2a: Volcanion|Steam Eruption|p1a: ScaryTerry
|-supereffective|p1a: ScaryTerry
|-ability|p1a: ScaryTerry|Sturdy
|-damage|p1a: ScaryTerry|1/100
|move|p1a: ScaryTerry|Mirror Coat|p2a: Volcanion
|-damage|p2a: Volcanion|0 fnt
|faint|p2a: Volcanion
|
|-weather|RainDance|[upkeep]
|upkeep
|
|t:|1685924799
|switch|p2a: Thundurus|Thundurus-Therian, M|100/100
|turn|5
|
|t:|1685924811
|switch|p1a: 2Birds1Stone|Cresselia, F, shiny|100/100
|-damage|p1a: 2Birds1Stone|88/100|[from] Stealth Rock
|move|p2a: Thundurus|Thunder|p1a: 2Birds1Stone
|-damage|p1a: 2Birds1Stone|51/100
|
|-weather|RainDance|[upkeep]
|upkeep
|turn|6
|
|t:|1685924819
|move|p2a: Thundurus|Nasty Plot|p2a: Thundurus
|-boost|p2a: Thundurus|spa|2
|move|p1a: 2Birds1Stone|Trick Room|p1a: 2Birds1Stone
|-fieldstart|move: Trick Room|[of] p1a: 2Birds1Stone
|
|-weather|RainDance|[upkeep]
|upkeep
|turn|7
|
|t:|1685924823
|move|p1a: 2Birds1Stone|Lunar Dance|p1a: 2Birds1Stone
|faint|p1a: 2Birds1Stone
|move|p2a: Thundurus|Substitute|p2a: Thundurus
|-start|p2a: Thundurus|Substitute
|-damage|p2a: Thundurus|76/100
|
|-weather|RainDance|[upkeep]
|upkeep
|
|t:|1685924833
|switch|p1a: ScaryTerry|Avalugg-Hisui, M|1/100
|-heal|p1a: ScaryTerry|100/100|[from] move: Lunar Dance
|turn|8
|c|☆illuzionist bald|wow nice
|c|☆illuzionist bald|i hate you
|
|t:|1685924848
|move|p1a: ScaryTerry|Body Press|p2a: Thundurus
|-resisted|p2a: Thundurus
|-end|p2a: Thundurus|Substitute
|move|p2a: Thundurus|Thunder|p1a: ScaryTerry
|-ability|p1a: ScaryTerry|Sturdy
|-damage|p1a: ScaryTerry|1/100
|
|-weather|RainDance|[upkeep]
|upkeep
|turn|9
|
|t:|1685924858
|move|p1a: ScaryTerry|Mountain Gale|p2a: Thundurus
|-supereffective|p2a: Thundurus
|-damage|p2a: Thundurus|0 fnt
|faint|p2a: Thundurus
|
|-weather|none
|upkeep
|
|t:|1685924864
|switch|p2a: Orthworm|Orthworm, F|100/100
|turn|10
|
|t:|1685924877
|move|p1a: ScaryTerry|Body Press|p2a: Orthworm
|-supereffective|p2a: Orthworm
|-damage|p2a: Orthworm|50/100
|-enditem|p2a: Orthworm|Sitrus Berry|[eat]
|-heal|p2a: Orthworm|75/100|[from] item: Sitrus Berry
|move|p2a: Orthworm|Spikes|p1a: ScaryTerry
|-sidestart|p1: gabe vincent|Spikes
|
|-fieldend|move: Trick Room
|upkeep
|turn|11
|
|t:|1685924894
|move|p2a: Orthworm|Iron Head|p1a: ScaryTerry
|-supereffective|p1a: ScaryTerry
|-damage|p1a: ScaryTerry|0 fnt
|faint|p1a: ScaryTerry
|
|upkeep
|inactive|Battle timer is ON: inactive players will automatically lose when time's up. (requested by illuzionist bald)
|
|t:|1685924928
|switch|p1a: Incineroarr|Hoopa-Unbound|91/100
|-damage|p1a: Incineroarr|78/100|[from] Stealth Rock
|-damage|p1a: Incineroarr|66/100|[from] Spikes
|turn|12
|
|t:|1685924934
|switch|p2a: Basculegion|Basculegion-F, F|100/100
|move|p1a: Incineroarr|Focus Blast|p2a: Basculegion
|-immune|p2a: Basculegion
|
|upkeep
|turn|13
|
|t:|1685924948
|switch|p2a: Overqwil|Overqwil, F|100/100
|move|p1a: Incineroarr|Hyperspace Fury|p2a: Overqwil
|-resisted|p2a: Overqwil
|-damage|p2a: Overqwil|60/100
|-unboost|p1a: Incineroarr|def|1
|-damage|p1a: Incineroarr|56/100|[from] item: Life Orb
|
|upkeep
|turn|14
|
|t:|1685924971
|move|p2a: Overqwil|Gunk Shot|p1a: Incineroarr
|-damage|p1a: Incineroarr|0 fnt
|faint|p1a: Incineroarr
|
|upkeep
|
|t:|1685924977
|switch|p1a: TURTLEHANDS|Dragapult, F|100/100
|-damage|p1a: TURTLEHANDS|88/100|[from] Stealth Rock
|-damage|p1a: TURTLEHANDS|76/100|[from] Spikes
|turn|15
|
|t:|1685924983
|move|p1a: TURTLEHANDS|Draco Meteor|p2a: Overqwil
|-damage|p2a: Overqwil|0 fnt
|-unboost|p1a: TURTLEHANDS|spa|2
|faint|p2a: Overqwil
|
|upkeep
|
|t:|1685924987
|switch|p2a: Basculegion|Basculegion-F, F|100/100
|turn|16
|
|t:|1685924995
|switch|p1a: Jennifer Bao|Chien-Pao|100/100
|-damage|p1a: Jennifer Bao|76/100|[from] Stealth Rock
|-damage|p1a: Jennifer Bao|63/100|[from] Spikes
|-ability|p1a: Jennifer Bao|Sword of Ruin
|move|p2a: Basculegion|Hydro Pump|p1a: Jennifer Bao
|-damage|p1a: Jennifer Bao|0 fnt
|faint|p1a: Jennifer Bao
|
|upkeep
|
|t:|1685924996
|switch|p1a: TURTLEHANDS|Dragapult, F|76/100
|-damage|p1a: TURTLEHANDS|64/100|[from] Stealth Rock
|-damage|p1a: TURTLEHANDS|51/100|[from] Spikes
|turn|17
|
|t:|1685925007
|-terastallize|p1a: TURTLEHANDS|Ghost
|move|p1a: TURTLEHANDS|Shadow Ball|p2a: Basculegion
|-supereffective|p2a: Basculegion
|-damage|p2a: Basculegion|0 fnt
|faint|p2a: Basculegion
|
|upkeep
|
|t:|1685925010
|switch|p2a: Orthworm|Orthworm, F|75/100
|turn|18
|c|☆illuzionist bald|gg
|c|☆gabe vincent|destroyed by avalugg is crazy
|c|☆gabe vincent|im 12
|
|t:|1685925024
|move|p1a: TURTLEHANDS|Shadow Ball|p2a: Orthworm
|-crit|p2a: Orthworm
|-damage|p2a: Orthworm|0 fnt
|faint|p2a: Orthworm
|
|win|gabe vincent
|raw|gabe vincent's rating: 1700 → 1725(+25 for winning)
|raw|illuzionist bald's rating: 1780 → 1755(-25 for losing)
|c|☆illuzionist bald|"destriyd"
|l|☆illuzionist bald
