|j|☆pokechamp13
|j|☆Warinna
|t:|1685915542
|gametype|singles
|player|p1|pokechamp13|silver|1388
|player|p2|Warinna|266|1301
|teamsize|p1|6
|teamsize|p2|6
|gen|9
|tier|[Gen 9] OU
|rated|
|rule|Sleep Clause Mod: Limit one foe put to sleep
|rule|Species Clause: Limit one of each Pokémon
|rule|OHKO Clause: OHKO moves are banned
|rule|Evasion Items Clause: Evasion items are banned
|rule|Evasion Moves Clause: Evasion moves are banned
|rule|Endless Battle Clause: Forcing endless battles is banned
|rule|HP Percentage Mod: HP is shown in percentages
|clearpoke
|poke|p1|Kleavor, M|
|poke|p1|Volcarona, M|
|poke|p1|Greninja, M|
|poke|p1|Breloom, M|
|poke|p1|Slowking-Galar, F|
|poke|p1|Corviknight, M|
|poke|p2|Urshifu-*, F|
|poke|p2|Slowking-Galar, M|
|poke|p2|Great Tusk|
|poke|p2|Dragapult, F|
|poke|p2|Zapdos|
|poke|p2|Garganacl, F|
|teampreview
|
|t:|1685915559
|start
|switch|p1a: Kleavor|Kleavor, M|100/100
|switch|p2a: Urshifu|Urshifu-Rapid-Strike, F|100/100
|turn|1
|
|t:|1685915565
|move|p1a: Kleavor|Aerial Ace|p2a: Urshifu
|-supereffective|p2a: Urshifu
|-damage|p2a: Urshifu|40/100
|move|p2a: Urshifu|Surging Strikes|p1a: Kleavor
|-supereffective|p1a: Kleavor
|-crit|p1a: Kleavor
|-damage|p1a: Kleavor|24/100
|-supereffective|p1a: Kleavor
|-crit|p1a: Kleavor
|-damage|p1a: Kleavor|0 fnt
|faint|p1a: Kleavor
|-hitcount|p1: Kleavor|2
|
|upkeep
|
|t:|1685915572
|switch|p1a: Breloom|Breloom, M|100/100
|turn|2
|
|t:|1685915575
|switch|p2a: Zapdos|Zapdos|100/100
|move|p1a: Breloom|Spore|p2a: Zapdos
|-status|p2a: Zapdos|slp|[from] move: Spore
|
|upkeep
|turn|3
|
|t:|1685915578
|switch|p2a: Dragapult|Dragapult, F|100/100
|move|p1a: Breloom|Bullet Seed|p2a: Dragapult
|-resisted|p2a: Dragapult
|-damage|p2a: Dragapult|85/100
|-resisted|p2a: Dragapult
|-damage|p2a: Dragapult|70/100
|-resisted|p2a: Dragapult
|-damage|p2a: Dragapult|55/100
|-resisted|p2a: Dragapult
|-damage|p2a: Dragapult|41/100
|-hitcount|p2a: Dragapult|4
|
|upkeep
|turn|4
|
|t:|1685915585
|switch|p1a: Slowking|Slowking-Galar, F|100/100
|move|p2a: Dragapult|Shadow Ball|p1a: Slowking
|-supereffective|p1a: Slowking
|-damage|p1a: Slowking|29/100
|
|-heal|p1a: Slowking|35/100|[from] item: Leftovers
|upkeep
|turn|5
|
|t:|1685915589
|switch|p1a: Greninja|Greninja, M|100/100
|move|p2a: Dragapult|Shadow Ball|p1a: Greninja
|-resisted|p1a: Greninja
|-damage|p1a: Greninja|60/100
|
|upkeep
|turn|6
|
|t:|1685915597
|switch|p2a: Slowking|Slowking-Galar, M|100/100
|move|p1a: Greninja|Surf|p2a: Slowking
|-start|p1a: Greninja|typechange|Water|[from] ability: Protean
|-damage|p2a: Slowking|68/100
|
|-heal|p2a: Slowking|75/100|[from] item: Leftovers
|upkeep
|turn|7
|
|t:|1685915600
|switch|p1a: Slowking|Slowking-Galar, F|68/100
|move|p2a: Slowking|Chilly Reception|p2a: Slowking
|-weather|Snow
|
|t:|1685915606
|switch|p2a: Urshifu|Urshifu-Rapid-Strike, F|40/100|[from] Chilly Reception
|
|-weather|Snow|[upkeep]
|-heal|p1a: Slowking|74/100|[from] item: Leftovers
|upkeep
|turn|8
|
|t:|1685915610
|switch|p1a: Corviknight|Corviknight, M|100/100
|-ability|p1a: Corviknight|Pressure
|move|p2a: Urshifu|Surging Strikes|p1a: Corviknight
|-crit|p1a: Corviknight
|-damage|p1a: Corviknight|79/100
|-damage|p2a: Urshifu|23/100|[from] item: Rocky Helmet|[of] p1a: Corviknight
|-crit|p1a: Corviknight
|-damage|p1a: Corviknight|59/100
|-damage|p2a: Urshifu|7/100|[from] item: Rocky Helmet|[of] p1a: Corviknight
|-crit|p1a: Corviknight
|-damage|p1a: Corviknight|38/100
|-damage|p2a: Urshifu|0 fnt|[from] item: Rocky Helmet|[of] p1a: Corviknight
|faint|p2a: Urshifu
|-hitcount|p1a: Corviknight|3
|
|-weather|Snow|[upkeep]
|upkeep
|
|t:|1685915616
|switch|p2a: Dragapult|Dragapult, F|41/100
|turn|9
|
|t:|1685915621
|switch|p1a: Greninja|Greninja, M|60/100
|move|p2a: Dragapult|Shadow Ball|p1a: Greninja
|-resisted|p1a: Greninja
|-damage|p1a: Greninja|23/100
|
|-weather|Snow|[upkeep]
|upkeep
|turn|10
|
|t:|1685915624
|move|p2a: Dragapult|Shadow Ball|p1a: Greninja
|-resisted|p1a: Greninja
|-crit|p1a: Greninja
|-damage|p1a: Greninja|0 fnt
|faint|p1a: Greninja
|
|-weather|Snow|[upkeep]
|upkeep
|
|t:|1685915626
|switch|p1a: Volcarona|Volcarona, M|100/100
|turn|11
|
|t:|1685915630
|switch|p2a: Garganacl|Garganacl, F|100/100
|move|p1a: Volcarona|Quiver Dance|p1a: Volcarona
|-boost|p1a: Volcarona|spa|1
|-boost|p1a: Volcarona|spd|1
|-boost|p1a: Volcarona|spe|1
|
|-weather|none
|upkeep
|turn|12
|
|t:|1685915635
|switch|p1a: Breloom|Breloom, M|100/100
|move|p2a: Garganacl|Salt Cure|p1a: Breloom
|-resisted|p1a: Breloom
|-damage|p1a: Breloom|89/100
|-start|p1a: Breloom|Salt Cure
|
|-damage|p1a: Breloom|77/100|[from] Salt Cure
|upkeep
|turn|13
|
|t:|1685915638
|switch|p2a: Zapdos|Zapdos|100/100 slp
|move|p1a: Breloom|Bullet Seed|p2a: Zapdos
|-resisted|p2a: Zapdos
|-damage|p2a: Zapdos|93/100 slp
|-resisted|p2a: Zapdos
|-damage|p2a: Zapdos|85/100 slp
|-resisted|p2a: Zapdos
|-damage|p2a: Zapdos|77/100 slp
|-resisted|p2a: Zapdos
|-damage|p2a: Zapdos|70/100 slp
|-resisted|p2a: Zapdos
|-damage|p2a: Zapdos|62/100 slp
|-hitcount|p2a: Zapdos|5
|
|-damage|p1a: Breloom|64/100|[from] Salt Cure
|upkeep
|turn|14
|
|t:|1685915641
|move|p1a: Breloom|Bullet Seed|p2a: Zapdos
|-resisted|p2a: Zapdos
|-damage|p2a: Zapdos|55/100 slp
|-resisted|p2a: Zapdos
|-damage|p2a: Zapdos|47/100 slp
|-resisted|p2a: Zapdos
|-damage|p2a: Zapdos|40/100 slp
|-resisted|p2a: Zapdos
|-damage|p2a: Zapdos|32/100 slp
|-hitcount|p2a: Zapdos|4
|cant|p2a: Zapdos|slp
|
|-damage|p1a: Breloom|52/100|[from] Salt Cure
|upkeep
|turn|15
|
|t:|1685915644
|move|p1a: Breloom|Bullet Seed|p2a: Zapdos
|-resisted|p2a: Zapdos
|-damage|p2a: Zapdos|24/100 slp
|-resisted|p2a: Zapdos
|-damage|p2a: Zapdos|17/100 slp
|-resisted|p2a: Zapdos
|-damage|p2a: Zapdos|10/100 slp
|-resisted|p2a: Zapdos
|-damage|p2a: Zapdos|2/100 slp
|-resisted|p2a: Zapdos
|-damage|p2a: Zapdos|0 fnt
|faint|p2a: Zapdos
|-hitcount|p2: Zapdos|5
|
|-damage|p1a: Breloom|40/100|[from] Salt Cure
|upkeep
|
|t:|1685915646
|switch|p2a: Dragapult|Dragapult, F|41/100
|turn|16
|
|t:|1685915649
|switch|p1a: Corviknight|Corviknight, M|38/100
|-ability|p1a: Corviknight|Pressure
|move|p2a: Dragapult|Shadow Ball|p1a: Corviknight
|-damage|p1a: Corviknight|0 fnt
|faint|p1a: Corviknight
|
|upkeep
|
|t:|1685915651
|switch|p1a: Slowking|Slowking-Galar, F|100/100
|turn|17
|
|t:|1685915658
|switch|p2a: Slowking|Slowking-Galar, M|100/100
|move|p1a: Slowking|Future Sight|p2a: Slowking
|-start|p1a: Slowking|move: Future Sight
|
|upkeep
|turn|18
|
|t:|1685915660
|move|p1a: Slowking|Thunder Wave|p2a: Slowking
|-status|p2a: Slowking|par
|move|p2a: Slowking|Future Sight|p1a: Slowking
|-start|p2a: Slowking|move: Future Sight
|
|upkeep
|turn|19
|
|t:|1685915669
|move|p1a: Slowking|Sludge Bomb|p2a: Slowking
|-resisted|p2a: Slowking
|-damage|p2a: Slowking|88/100 par
|move|p2a: Slowking|Chilly Reception|p2a: Slowking
|-weather|Snow
|
|t:|1685915673
|switch|p2a: Garganacl|Garganacl, F|100/100|[from] Chilly Reception
|
|-weather|Snow|[upkeep]
|-end|p2a: Garganacl|move: Future Sight
|-damage|p2a: Garganacl|70/100
|-heal|p2a: Garganacl|76/100|[from] item: Leftovers
|upkeep
|turn|20
|
|t:|1685915679
|move|p2a: Garganacl|Salt Cure|p1a: Slowking
|-damage|p1a: Slowking|84/100
|-start|p1a: Slowking|Salt Cure
|move|p1a: Slowking|Future Sight|p2a: Garganacl
|-start|p1a: Slowking|move: Future Sight
|
|-weather|Snow|[upkeep]
|-end|p1a: Slowking|move: Future Sight
|-damage|p1a: Slowking|54/100
|-heal|p2a: Garganacl|82/100|[from] item: Leftovers
|-heal|p1a: Slowking|60/100|[from] item: Leftovers
|-damage|p1a: Slowking|47/100|[from] Salt Cure
|upkeep
|turn|21
|
|t:|1685915685
|move|p2a: Garganacl|Salt Cure|p1a: Slowking
|-damage|p1a: Slowking|31/100
|move|p1a: Slowking|Chilly Reception|p1a: Slowking
|
|t:|1685915688
|switch|p1a: Breloom|Breloom, M|40/100|[from] Chilly Reception
|
|-weather|Snow|[upkeep]
|-heal|p2a: Garganacl|89/100|[from] item: Leftovers
|upkeep
|turn|22
|
|t:|1685915694
|switch|p2a: Slowking|Slowking-Galar, M|100/100 par
|move|p1a: Breloom|Bullet Seed|p2a: Slowking
|-resisted|p2a: Slowking
|-damage|p2a: Slowking|90/100 par
|-resisted|p2a: Slowking
|-damage|p2a: Slowking|79/100 par
|-resisted|p2a: Slowking
|-damage|p2a: Slowking|68/100 par
|-resisted|p2a: Slowking
|-damage|p2a: Slowking|57/100 par
|-hitcount|p2a: Slowking|4
|
|-weather|Snow|[upkeep]
|-end|p2a: Slowking|move: Future Sight
|-damage|p2a: Slowking|26/100 par
|-heal|p2a: Slowking|32/100 par|[from] item: Leftovers
|upkeep
|turn|23
|
|t:|1685915697
|move|p1a: Breloom|Bulldoze|p2a: Slowking
|-supereffective|p2a: Slowking
|-damage|p2a: Slowking|0 fnt
|faint|p2a: Slowking
|
|-weather|none
|upkeep
|
|t:|1685915699
|switch|p2a: Dragapult|Dragapult, F|41/100
|turn|24
|
|t:|1685915702
|switch|p1a: Volcarona|Volcarona, M|100/100
|move|p2a: Dragapult|Shadow Ball|p1a: Volcarona
|-damage|p1a: Volcarona|50/100
|
|upkeep
|turn|25
|
|t:|1685915705
|-terastallize|p2a: Dragapult|Ghost
|move|p2a: Dragapult|Shadow Ball|p1a: Volcarona
|-damage|p1a: Volcarona|0 fnt
|faint|p1a: Volcarona
|
|upkeep
|
|t:|1685915709
|switch|p1a: Slowking|Slowking-Galar, F|64/100
|turn|26
|
|t:|1685915713
|-terastallize|p1a: Slowking|Dark
|move|p2a: Dragapult|Shadow Ball|p1a: Slowking
|-resisted|p1a: Slowking
|-damage|p1a: Slowking|42/100
|-unboost|p1a: Slowking|spd|1
|move|p1a: Slowking|Thunder Wave|p2a: Dragapult
|-status|p2a: Dragapult|par
|
|-heal|p1a: Slowking|49/100|[from] item: Leftovers
|upkeep
|turn|27
|
|t:|1685915722
|switch|p2a: Garganacl|Garganacl, F|89/100
|move|p1a: Slowking|Future Sight|p2a: Garganacl
|-start|p1a: Slowking|move: Future Sight
|
|-heal|p2a: Garganacl|95/100|[from] item: Leftovers
|-heal|p1a: Slowking|55/100|[from] item: Leftovers
|upkeep
|turn|28
|
|t:|1685915725
|move|p2a: Garganacl|Curse|p2a: Garganacl
|-unboost|p2a: Garganacl|spe|1
|-boost|p2a: Garganacl|atk|1
|-boost|p2a: Garganacl|def|1
|move|p1a: Slowking|Chilly Reception|p1a: Slowking
|-weather|Snow
|
|t:|1685915727
|switch|p1a: Breloom|Breloom, M|40/100|[from] Chilly Reception
|
|-weather|Snow|[upkeep]
|-heal|p2a: Garganacl|100/100|[from] item: Leftovers
|upkeep
|turn|29
|
|t:|1685915730
|move|p1a: Breloom|Bullet Seed|p2a: Garganacl
|-supereffective|p2a: Garganacl
|-damage|p2a: Garganacl|81/100
|-supereffective|p2a: Garganacl
|-damage|p2a: Garganacl|63/100
|-supereffective|p2a: Garganacl
|-damage|p2a: Garganacl|43/100
|-supereffective|p2a: Garganacl
|-damage|p2a: Garganacl|22/100
|-supereffective|p2a: Garganacl
|-damage|p2a: Garganacl|2/100
|-hitcount|p2a: Garganacl|5
|move|p2a: Garganacl|Salt Cure|p1a: Breloom
|-resisted|p1a: Breloom
|-damage|p1a: Breloom|25/100
|-start|p1a: Breloom|Salt Cure
|
|-weather|Snow|[upkeep]
|-end|p2a: Garganacl|move: Future Sight
|-damage|p2a: Garganacl|0 fnt
|faint|p2a: Garganacl
|-damage|p1a: Breloom|12/100|[from] Salt Cure
|upkeep
|
|t:|1685915733
|switch|p2a: Dragapult|Dragapult, F, tera:Ghost|41/100 par
|turn|30
|
|t:|1685915741
|switch|p1a: Slowking|Slowking-Galar, F, tera:Dark|88/100
|move|p2a: Dragapult|U-turn|p1a: Slowking
|-supereffective|p1a: Slowking
|-damage|p1a: Slowking|54/100
|
|t:|1685915743
|switch|p2a: Great Tusk|Great Tusk|100/100|[from] U-turn
|
|-weather|Snow|[upkeep]
|-heal|p1a: Slowking|60/100|[from] item: Leftovers
|upkeep
|turn|31
|
|t:|1685915756
|move|p2a: Great Tusk|Earthquake|p1a: Slowking
|-damage|p1a: Slowking|12/100
|move|p1a: Slowking|Future Sight|p2a: Great Tusk
|-start|p1a: Slowking|move: Future Sight
|
|-weather|Snow|[upkeep]
|-heal|p1a: Slowking|18/100|[from] item: Leftovers
|upkeep
|turn|32
|
|t:|1685915761
|move|p2a: Great Tusk|Rapid Spin|p1a: Slowking
|-damage|p1a: Slowking|2/100
|-boost|p2a: Great Tusk|spe|1
|move|p1a: Slowking|Sludge Bomb|p2a: Great Tusk
|-resisted|p2a: Great Tusk
|-damage|p2a: Great Tusk|74/100
|-status|p2a: Great Tusk|psn
|
|-weather|none
|-heal|p2a: Great Tusk|80/100 psn|[from] item: Leftovers
|-heal|p1a: Slowking|8/100|[from] item: Leftovers
|-damage|p2a: Great Tusk|67/100 psn|[from] psn
|upkeep
|turn|33
|
|t:|1685915767
|-end|p2a: Great Tusk|Protosynthesis|[silent]
|switch|p2a: Dragapult|Dragapult, F, tera:Ghost|41/100 par
|move|p1a: Slowking|Sludge Bomb|p2a: Dragapult
|-resisted|p2a: Dragapult
|-damage|p2a: Dragapult|15/100 par
|
|-end|p2a: Dragapult|move: Future Sight
|-damage|p2a: Dragapult|0 fnt
|faint|p2a: Dragapult
|-heal|p1a: Slowking|14/100|[from] item: Leftovers
|upkeep
|
|t:|1685915768
|switch|p2a: Great Tusk|Great Tusk|67/100 psn
|turn|34
|
|t:|1685915772
|move|p2a: Great Tusk|Rapid Spin|p1a: Slowking
|-damage|p1a: Slowking|0 fnt
|-boost|p2a: Great Tusk|spe|1
|faint|p1a: Slowking
|
|-heal|p2a: Great Tusk|74/100 psn|[from] item: Leftovers
|-damage|p2a: Great Tusk|61/100 psn|[from] psn
|upkeep
|
|t:|1685915774
|switch|p1a: Breloom|Breloom, M|12/100
|turn|35
|
|t:|1685915778
|move|p1a: Breloom|Mach Punch|p2a: Great Tusk
|-damage|p2a: Great Tusk|45/100 psn
|move|p2a: Great Tusk|Earthquake|p1a: Breloom
|-resisted|p1a: Breloom
|-damage|p1a: Breloom|0 fnt
|faint|p1a: Breloom
|
|win|Warinna
|raw|pokechamp13's rating: 1388 → 1363(-25 for losing)
|raw|Warinna's rating: 1301 → 1326(+25 for winning)
|c|☆pokechamp13|gg
|l|☆pokechamp13
|c|☆Warinna|Gg
