|j|☆bruhdumpster
|j|☆Steven_02
|t:|1685932994
|gametype|singles
|player|p1|bruhdumpster|1|1325
|player|p2|Steven_02|steven|1288
|teamsize|p1|6
|teamsize|p2|6
|gen|9
|tier|[Gen 9] OU
|rated|
|rule|Sleep Clause Mod: Limit one foe put to sleep
|rule|Species Clause: Limit one of each Pokémon
|rule|OHKO Clause: OHKO moves are banned
|rule|Evasion Items Clause: Evasion items are banned
|rule|Evasion Moves Clause: Evasion moves are banned
|rule|Endless Battle Clause: Forcing endless battles is banned
|rule|HP Percentage Mod: HP is shown in percentages
|clearpoke
|poke|p1|Great Tusk|
|poke|p1|Garganacl, M|
|poke|p1|Glimmora, M|
|poke|p1|Volcarona, F|
|poke|p1|Sneasler, M|
|poke|p1|Zamazenta-*|
|poke|p2|Pelipper, F|
|poke|p2|Iron Jugulis|
|poke|p2|Walking Wake|
|poke|p2|Overqwil, M|
|poke|p2|Great Tusk|
|poke|p2|Garganacl, F|
|teampreview
|inactive|Battle timer is ON: inactive players will automatically lose when time's up. (requested by Steven_02)
|
|t:|1685933029
|start
|switch|p1a: Garganacl|Garganacl, M|100/100
|switch|p2a: Iron Jugulis|Iron Jugulis|100/100
|turn|1
|
|t:|1685933033
|-end|p2a: Iron Jugulis|Quark Drive|[silent]
|switch|p2a: Great Tusk|Great Tusk|100/100
|move|p1a: Garganacl|Salt Cure|p2a: Great Tusk
|-resisted|p2a: Great Tusk
|-damage|p2a: Great Tusk|98/100
|-start|p2a: Great Tusk|Salt Cure
|
|-heal|p2a: Great Tusk|100/100|[from] item: Leftovers
|-damage|p2a: Great Tusk|88/100|[from] Salt Cure
|upkeep
|turn|2
|
|t:|1685933043
|-terastallize|p1a: Garganacl|Grass
|move|p2a: Great Tusk|Knock Off|p1a: Garganacl
|-damage|p1a: Garganacl|81/100
|-enditem|p1a: Garganacl|Leftovers|[from] move: Knock Off|[of] p2a: Great Tusk
|move|p1a: Garganacl|Curse|p1a: Garganacl
|-unboost|p1a: Garganacl|spe|1
|-boost|p1a: Garganacl|atk|1
|-boost|p1a: Garganacl|def|1
|
|-heal|p2a: Great Tusk|94/100|[from] item: Leftovers
|-damage|p2a: Great Tusk|82/100|[from] Salt Cure
|upkeep
|turn|3
|
|t:|1685933051
|-end|p2a: Great Tusk|Protosynthesis|[silent]
|switch|p2a: Pelipper|Pelipper, F|100/100
|-weather|RainDance|[from] ability: Drizzle|[of] p2a: Pelipper
|move|p1a: Garganacl|Salt Cure|p2a: Pelipper
|-supereffective|p2a: Pelipper
|-damage|p2a: Pelipper|67/100
|-start|p2a: Pelipper|Salt Cure
|
|-weather|RainDance|[upkeep]
|-damage|p2a: Pelipper|42/100|[from] Salt Cure
|upkeep
|turn|4
|
|t:|1685933057
|move|p2a: Pelipper|U-turn|p1a: Garganacl
|-supereffective|p1a: Garganacl
|-damage|p1a: Garganacl|73/100
|
|t:|1685933063
|switch|p2a: Iron Jugulis|Iron Jugulis|100/100|[from] U-turn
|move|p1a: Garganacl|Recover|p1a: Garganacl
|-heal|p1a: Garganacl|100/100
|
|-weather|RainDance|[upkeep]
|upkeep
|turn|5
|
|t:|1685933070
|move|p2a: Iron Jugulis|Hurricane|p1a: Garganacl
|-supereffective|p1a: Garganacl
|-damage|p1a: Garganacl|29/100
|move|p1a: Garganacl|Salt Cure|p2a: Iron Jugulis
|-supereffective|p2a: Iron Jugulis
|-damage|p2a: Iron Jugulis|54/100
|-start|p2a: Iron Jugulis|Salt Cure
|
|-weather|RainDance|[upkeep]
|-damage|p2a: Iron Jugulis|42/100|[from] Salt Cure
|upkeep
|turn|6
|
|t:|1685933076
|switch|p1a: Glimmora|Glimmora, M|100/100
|move|p2a: Iron Jugulis|Hurricane|p1a: Glimmora
|-resisted|p1a: Glimmora
|-damage|p1a: Glimmora|64/100
|
|-weather|RainDance|[upkeep]
|-damage|p2a: Iron Jugulis|29/100|[from] Salt Cure
|upkeep
|turn|7
|
|t:|1685933086
|-end|p2a: Iron Jugulis|Quark Drive|[silent]
|switch|p2a: Walking Wake|Walking Wake|100/100
|move|p1a: Glimmora|Dazzling Gleam|p2a: Walking Wake
|-supereffective|p2a: Walking Wake
|-damage|p2a: Walking Wake|31/100
|
|-weather|RainDance|[upkeep]
|upkeep
|turn|8
|
|t:|1685933096
|move|p2a: Walking Wake|Hydro Steam|p1a: Glimmora
|-supereffective|p1a: Glimmora
|-damage|p1a: Glimmora|0 fnt
|faint|p1a: Glimmora
|
|-weather|RainDance|[upkeep]
|upkeep
|
|t:|1685933104
|switch|p1a: Garganacl|Garganacl, M, tera:Grass|29/100
|turn|9
|
|t:|1685933107
|move|p2a: Walking Wake|Hydro Steam|p1a: Garganacl
|-resisted|p1a: Garganacl
|-damage|p1a: Garganacl|2/100
|move|p1a: Garganacl|Recover|p1a: Garganacl
|-heal|p1a: Garganacl|52/100
|
|-weather|RainDance|[upkeep]
|upkeep
|turn|10
|
|t:|1685933115
|-end|p2a: Walking Wake|Protosynthesis|[silent]
|switch|p2a: Garganacl|Garganacl, F|100/100
|move|p1a: Garganacl|Recover|p1a: Garganacl
|-heal|p1a: Garganacl|100/100
|
|-weather|none
|upkeep
|turn|11
|
|t:|1685933121
|move|p1a: Garganacl|Salt Cure|p2a: Garganacl
|-damage|p2a: Garganacl|91/100
|-start|p2a: Garganacl|Salt Cure
|move|p2a: Garganacl|Salt Cure|p1a: Garganacl
|-damage|p1a: Garganacl|90/100
|-start|p1a: Garganacl|Salt Cure
|
|-heal|p2a: Garganacl|97/100|[from] item: Leftovers
|-damage|p1a: Garganacl|78/100|[from] Salt Cure
|-damage|p2a: Garganacl|84/100|[from] Salt Cure
|upkeep
|turn|12
|
|t:|1685933126
|move|p1a: Garganacl|Curse|p1a: Garganacl
|-unboost|p1a: Garganacl|spe|1
|-boost|p1a: Garganacl|atk|1
|-boost|p1a: Garganacl|def|1
|move|p2a: Garganacl|Stealth Rock|p1a: Garganacl
|-sidestart|p1: bruhdumpster|move: Stealth Rock
|
|-heal|p2a: Garganacl|90/100|[from] item: Leftovers
|-damage|p2a: Garganacl|78/100|[from] Salt Cure
|-damage|p1a: Garganacl|65/100|[from] Salt Cure
|upkeep
|turn|13
|
|t:|1685933130
|switch|p2a: Pelipper|Pelipper, F|42/100
|-weather|RainDance|[from] ability: Drizzle|[of] p2a: Pelipper
|move|p1a: Garganacl|Curse|p1a: Garganacl
|-unboost|p1a: Garganacl|spe|1
|-boost|p1a: Garganacl|atk|1
|-boost|p1a: Garganacl|def|1
|
|-weather|RainDance|[upkeep]
|-damage|p1a: Garganacl|53/100|[from] Salt Cure
|upkeep
|turn|14
|
|t:|1685933134
|move|p2a: Pelipper|Hurricane|p1a: Garganacl
|-supereffective|p1a: Garganacl
|-damage|p1a: Garganacl|5/100
|-start|p1a: Garganacl|confusion
|-activate|p1a: Garganacl|confusion
|move|p1a: Garganacl|Recover|p1a: Garganacl
|-heal|p1a: Garganacl|55/100
|
|-weather|RainDance|[upkeep]
|-damage|p1a: Garganacl|43/100|[from] Salt Cure
|upkeep
|turn|15
|
|t:|1685933144
|move|p2a: Pelipper|Hurricane|p1a: Garganacl
|-supereffective|p1a: Garganacl
|-damage|p1a: Garganacl|0 fnt
|faint|p1a: Garganacl
|
|-weather|RainDance|[upkeep]
|upkeep
|
|t:|1685933150
|switch|p1a: Sneasler|Sneasler, M|100/100
|-damage|p1a: Sneasler|95/100|[from] Stealth Rock
|turn|16
|
|t:|1685933155
|switch|p2a: Great Tusk|Great Tusk|82/100
|move|p1a: Sneasler|Dire Claw|p2a: Great Tusk
|-resisted|p2a: Great Tusk
|-damage|p2a: Great Tusk|67/100
|
|-weather|RainDance|[upkeep]
|-heal|p2a: Great Tusk|74/100|[from] item: Leftovers
|upkeep
|turn|17
|
|t:|1685933162
|switch|p1a: Great Tusk|Great Tusk|100/100
|-damage|p1a: Great Tusk|98/100|[from] Stealth Rock
|move|p2a: Great Tusk|Earthquake|p1a: Great Tusk
|-damage|p1a: Great Tusk|77/100
|
|-weather|RainDance|[upkeep]
|-heal|p2a: Great Tusk|80/100|[from] item: Leftovers
|-heal|p1a: Great Tusk|83/100|[from] item: Leftovers
|upkeep
|turn|18
|
|t:|1685933166
|move|p2a: Great Tusk|Knock Off|p1a: Great Tusk
|-resisted|p1a: Great Tusk
|-damage|p1a: Great Tusk|76/100
|-enditem|p1a: Great Tusk|Leftovers|[from] move: Knock Off|[of] p2a: Great Tusk
|move|p1a: Great Tusk|Rapid Spin|p2a: Great Tusk
|-damage|p2a: Great Tusk|71/100
|-boost|p1a: Great Tusk|spe|1
|-sideend|p1: bruhdumpster|Stealth Rock|[from] move: Rapid Spin|[of] p1a: Great Tusk
|
|-weather|RainDance|[upkeep]
|-heal|p2a: Great Tusk|77/100|[from] item: Leftovers
|upkeep
|turn|19
|
|t:|1685933174
|move|p1a: Great Tusk|Rapid Spin|p2a: Great Tusk
|-damage|p2a: Great Tusk|67/100
|-boost|p1a: Great Tusk|spe|1
|move|p2a: Great Tusk|Rapid Spin|p1a: Great Tusk
|-damage|p1a: Great Tusk|68/100
|-boost|p2a: Great Tusk|spe|1
|
|-weather|RainDance|[upkeep]
|-heal|p2a: Great Tusk|73/100|[from] item: Leftovers
|upkeep
|turn|20
|
|t:|1685933182
|move|p2a: Great Tusk|Rapid Spin|p1a: Great Tusk
|-damage|p1a: Great Tusk|61/100
|-boost|p2a: Great Tusk|spe|1
|move|p1a: Great Tusk|Bulk Up|p1a: Great Tusk
|-boost|p1a: Great Tusk|atk|1
|-boost|p1a: Great Tusk|def|1
|
|-weather|none
|-heal|p2a: Great Tusk|79/100|[from] item: Leftovers
|upkeep
|turn|21
|
|t:|1685933188
|move|p2a: Great Tusk|Earthquake|p1a: Great Tusk
|-damage|p1a: Great Tusk|46/100
|move|p1a: Great Tusk|Bulk Up|p1a: Great Tusk
|-boost|p1a: Great Tusk|atk|1
|-boost|p1a: Great Tusk|def|1
|
|-heal|p2a: Great Tusk|85/100|[from] item: Leftovers
|upkeep
|turn|22
|
|t:|1685933191
|move|p2a: Great Tusk|Earthquake|p1a: Great Tusk
|-damage|p1a: Great Tusk|35/100
|move|p1a: Great Tusk|Knock Off|p2a: Great Tusk
|-resisted|p2a: Great Tusk
|-damage|p2a: Great Tusk|66/100
|-enditem|p2a: Great Tusk|Leftovers|[from] move: Knock Off|[of] p1a: Great Tusk
|
|upkeep
|turn|23
|
|t:|1685933195
|move|p2a: Great Tusk|Earthquake|p1a: Great Tusk
|-damage|p1a: Great Tusk|24/100
|move|p1a: Great Tusk|Headlong Rush|p2a: Great Tusk
|-damage|p2a: Great Tusk|4/100
|-unboost|p1a: Great Tusk|def|1
|-unboost|p1a: Great Tusk|spd|1
|
|upkeep
|turn|24
|
|t:|1685933202
|move|p2a: Great Tusk|Earthquake|p1a: Great Tusk
|-damage|p1a: Great Tusk|9/100
|move|p1a: Great Tusk|Rapid Spin|p2a: Great Tusk
|-damage|p2a: Great Tusk|0 fnt
|-boost|p1a: Great Tusk|spe|1
|faint|p2a: Great Tusk
|-end|p2a: Great Tusk|Protosynthesis|[silent]
|
|upkeep
|
|t:|1685933212
|switch|p2a: Pelipper|Pelipper, F|42/100
|-weather|RainDance|[from] ability: Drizzle|[of] p2a: Pelipper
|turn|25
|
|t:|1685933229
|move|p1a: Great Tusk|Knock Off|p2a: Pelipper
|-damage|p2a: Pelipper|2/100
|-enditem|p2a: Pelipper|Damp Rock|[from] move: Knock Off|[of] p1a: Great Tusk
|move|p2a: Pelipper|Hurricane|p1a: Great Tusk
|-supereffective|p1a: Great Tusk
|-damage|p1a: Great Tusk|0 fnt
|faint|p1a: Great Tusk
|-end|p1a: Great Tusk|Protosynthesis|[silent]
|
|-weather|RainDance|[upkeep]
|upkeep
|
|t:|1685933234
|switch|p1a: Sneasler|Sneasler, M|95/100
|turn|26
|
|t:|1685933237
|move|p1a: Sneasler|Close Combat|p2a: Pelipper
|-resisted|p2a: Pelipper
|-damage|p2a: Pelipper|0 fnt
|-unboost|p1a: Sneasler|def|1
|-unboost|p1a: Sneasler|spd|1
|-enditem|p1a: Sneasler|White Herb
|-clearnegativeboost|p1a: Sneasler|[silent]
|faint|p2a: Pelipper
|
|-weather|RainDance|[upkeep]
|upkeep
|
|t:|1685933246
|switch|p2a: Iron Jugulis|Iron Jugulis|29/100
|turn|27
|
|t:|1685933258
|move|p1a: Sneasler|Dire Claw|p2a: Iron Jugulis
|-damage|p2a: Iron Jugulis|0 fnt
|faint|p2a: Iron Jugulis
|-end|p2a: Iron Jugulis|Quark Drive|[silent]
|
|-weather|RainDance|[upkeep]
|upkeep
|
|t:|1685933262
|switch|p2a: Overqwil|Overqwil, M|100/100
|turn|28
|
|t:|1685933267
|-terastallize|p2a: Overqwil|Water
|move|p1a: Sneasler|Swords Dance|p1a: Sneasler
|-boost|p1a: Sneasler|atk|2
|move|p2a: Overqwil|Liquidation|p1a: Sneasler
|-damage|p1a: Sneasler|0 fnt
|faint|p1a: Sneasler
|-damage|p2a: Overqwil|91/100|[from] item: Life Orb
|
|-weather|RainDance|[upkeep]
|upkeep
|
|t:|1685933274
|switch|p1a: Zamazenta|Zamazenta-Crowned|100/100
|-ability|p1a: Zamazenta|Dauntless Shield|boost
|-boost|p1a: Zamazenta|def|1
|turn|29
|
|t:|1685933283
|move|p2a: Overqwil|Liquidation|p1a: Zamazenta
|-damage|p1a: Zamazenta|60/100
|-damage|p2a: Overqwil|81/100|[from] item: Life Orb
|move|p1a: Zamazenta|Iron Defense|p1a: Zamazenta
|-boost|p1a: Zamazenta|def|2
|
|-weather|RainDance|[upkeep]
|upkeep
|turn|30
|
|t:|1685933292
|move|p2a: Overqwil|Destiny Bond|p2a: Overqwil
|-singlemove|p2a: Overqwil|Destiny Bond
|move|p1a: Zamazenta|Body Press|p2a: Overqwil
|-damage|p2a: Overqwil|0 fnt
|faint|p2a: Overqwil
|-activate|p2a: Overqwil|move: Destiny Bond
|faint|p1a: Zamazenta
|
|-weather|RainDance|[upkeep]
|upkeep
|
|t:|1685933296
|switch|p1a: Volcarona|Volcarona, F|100/100
|switch|p2a: Walking Wake|Walking Wake|31/100
|turn|31
|
|t:|1685933299
|move|p2a: Walking Wake|Hydro Steam|p1a: Volcarona
|-supereffective|p1a: Volcarona
|-damage|p1a: Volcarona|0 fnt
|faint|p1a: Volcarona
|
|win|Steven_02
|raw|bruhdumpster's rating: 1325 → 1303(-22 for losing)
|raw|Steven_02's rating: 1288 → 1316(+28 for winning)
|l|☆bruhdumpster
