|j|☆thegroomsmen
|j|☆Dietgoose
|t:|1685913073
|gametype|singles
|player|p1|thegroomsmen|dawn|
|player|p2|Dietgoose|102|
|teamsize|p1|6
|teamsize|p2|6
|gen|9
|tier|[Gen 9] OU
|rule|Sleep Clause Mod: Limit one foe put to sleep
|rule|Species Clause: Limit one of each Pokémon
|rule|OHKO Clause: OHKO moves are banned
|rule|Evasion Items Clause: Evasion items are banned
|rule|Evasion Moves Clause: Evasion moves are banned
|rule|Endless Battle Clause: Forcing endless battles is banned
|rule|HP Percentage Mod: HP is shown in percentages
|clearpoke
|poke|p1|Medicham, F|
|poke|p1|Dragonite, F|
|poke|p1|Qwilfish, F|
|poke|p1|Bronzong|
|poke|p1|Sandy Shocks|
|poke|p1|Volcarona, M|
|poke|p2|Quagsire, F|
|poke|p2|Arcanine, M|
|poke|p2|Vaporeon, F|
|poke|p2|Gardevoir, M|
|poke|p2|Corviknight, M|
|poke|p2|Iron Moth|
|teampreview
|
|t:|1685913100
|start
|switch|p1a: Qwilfish|Qwilfish, F|100/100
|switch|p2a: Iron Moth|Iron Moth, shiny|100/100
|-ability|p1a: Qwilfish|Intimidate|boost
|-unboost|p2a: Iron Moth|atk|1
|turn|1
|
|t:|1685913118
|switch|p1a: Bronzong|Bronzong|100/100
|move|p2a: Iron Moth|U-turn|p1a: Bronzong
|-damage|p1a: Bronzong|94/100
|
|t:|1685913142
|-end|p2a: Iron Moth|Quark Drive|[silent]
|switch|p2a: Gardevoir|Gardevoir, M, shiny|100/100|[from] U-turn
|-ability|p2a: Gardevoir|Heatproof|[from] ability: Trace|[of] p1a: Bronzong
|
|-heal|p1a: Bronzong|100/100|[from] item: Leftovers
|upkeep
|turn|2
|
|t:|1685913175
|move|p2a: Gardevoir|Mystical Fire|p1a: Bronzong
|-supereffective|p1a: Bronzong
|-damage|p1a: Bronzong|82/100
|-unboost|p1a: Bronzong|spa|1
|move|p1a: Bronzong|Heavy Slam|p2a: Gardevoir
|-supereffective|p2a: Gardevoir
|-crit|p2a: Gardevoir
|-damage|p2a: Gardevoir|0 fnt
|faint|p2a: Gardevoir
|
|-heal|p1a: Bronzong|88/100|[from] item: Leftovers
|upkeep
|
|t:|1685913223
|switch|p2a: Arcanine|Arcanine, M, shiny|100/100
|-ability|p2a: Arcanine|Intimidate|boost
|-unboost|p1a: Bronzong|atk|1
|turn|3
|
|t:|1685913234
|switch|p1a: Qwilfish|Qwilfish, F|100/100
|-ability|p1a: Qwilfish|Intimidate|boost
|-unboost|p2a: Arcanine|atk|1
|move|p2a: Arcanine|Flare Blitz|p1a: Qwilfish
|-resisted|p1a: Qwilfish
|-damage|p1a: Qwilfish|76/100
|-damage|p2a: Arcanine|93/100|[from] Recoil
|
|-heal|p1a: Qwilfish|82/100|[from] item: Leftovers
|upkeep
|turn|4
|
|t:|1685913245
|switch|p2a: Corviknight|Corviknight, M, shiny|100/100
|-ability|p2a: Corviknight|Pressure
|move|p1a: Qwilfish|Toxic|p2a: Corviknight
|-immune|p2a: Corviknight
|
|-heal|p1a: Qwilfish|88/100|[from] item: Leftovers
|upkeep
|turn|5
|
|t:|1685913256
|switch|p1a: Sandy Shocks|Sandy Shocks|100/100
|move|p2a: Corviknight|U-turn|p1a: Sandy Shocks
|-damage|p1a: Sandy Shocks|85/100
|
|t:|1685913286
|switch|p2a: Quagsire|Quagsire, F|100/100|[from] U-turn
|
|upkeep
|turn|6
|
|t:|1685913308
|-end|p1a: Sandy Shocks|Protosynthesis|[silent]
|switch|p1a: Qwilfish|Qwilfish, F|88/100
|-ability|p1a: Qwilfish|Intimidate|boost
|-unboost|p2a: Quagsire|atk|1
|move|p2a: Quagsire|Stealth Rock|p1a: Qwilfish
|-sidestart|p1: thegroomsmen|move: Stealth Rock
|
|-heal|p1a: Qwilfish|94/100|[from] item: Leftovers
|upkeep
|turn|7
|
|t:|1685913325
|switch|p1a: Volcarona|Volcarona, M|100/100
|switch|p2a: Corviknight|Corviknight, M, shiny|100/100
|-ability|p2a: Corviknight|Pressure
|
|upkeep
|turn|8
|
|t:|1685913346
|move|p1a: Volcarona|Quiver Dance|p1a: Volcarona
|-boost|p1a: Volcarona|spa|1
|-boost|p1a: Volcarona|spd|1
|-boost|p1a: Volcarona|spe|1
|move|p2a: Corviknight|U-turn|p1a: Volcarona
|-resisted|p1a: Volcarona
|-damage|p1a: Volcarona|89/100
|-status|p2a: Corviknight|brn|[from] ability: Flame Body|[of] p1a: Volcarona
|
|t:|1685913375
|switch|p2a: Vaporeon|Vaporeon, F, shiny|100/100|[from] U-turn
|
|upkeep
|turn|9
|
|t:|1685913393
|move|p1a: Volcarona|Giga Drain|p2a: Vaporeon
|-supereffective|p2a: Vaporeon
|-damage|p2a: Vaporeon|44/100
|-heal|p1a: Volcarona|100/100|[from] drain|[of] p2a: Vaporeon
|move|p2a: Vaporeon|Surf|p1a: Volcarona
|-supereffective|p1a: Volcarona
|-damage|p1a: Volcarona|54/100
|
|-heal|p2a: Vaporeon|50/100|[from] item: Leftovers
|upkeep
|turn|10
|
|t:|1685913408
|move|p1a: Volcarona|Quiver Dance|p1a: Volcarona
|-boost|p1a: Volcarona|spa|1
|-boost|p1a: Volcarona|spd|1
|-boost|p1a: Volcarona|spe|1
|move|p2a: Vaporeon|Wish|p2a: Vaporeon
|
|-heal|p2a: Vaporeon|57/100|[from] item: Leftovers
|upkeep
|turn|11
|
|t:|1685913509
|switch|p2a: Arcanine|Arcanine, M, shiny|93/100
|-ability|p2a: Arcanine|Intimidate|boost
|-unboost|p1a: Volcarona|atk|1
|move|p1a: Volcarona|Bug Buzz|p2a: Arcanine
|-resisted|p2a: Arcanine
|-damage|p2a: Arcanine|29/100
|
|-heal|p2a: Arcanine|96/100|[from] move: Wish|[wisher] Vaporeon
|upkeep
|turn|12
|
|t:|1685913539
|switch|p1a: Bronzong|Bronzong|88/100
|-damage|p1a: Bronzong|82/100|[from] Stealth Rock
|move|p2a: Arcanine|Wild Charge|p1a: Bronzong
|-damage|p1a: Bronzong|40/100
|-damage|p2a: Arcanine|86/100|[from] Recoil
|
|-heal|p1a: Bronzong|47/100|[from] item: Leftovers
|upkeep
|turn|13
|
|t:|1685913565
|switch|p2a: Corviknight|Corviknight, M, shiny|100/100 brn
|-ability|p2a: Corviknight|Pressure
|move|p1a: Bronzong|Stealth Rock|p2a: Corviknight
|-sidestart|p2: Dietgoose|move: Stealth Rock
|
|-heal|p1a: Bronzong|53/100|[from] item: Leftovers
|-damage|p2a: Corviknight|94/100 brn|[from] brn
|upkeep
|turn|14
|
|t:|1685913577
|move|p2a: Corviknight|Defog|p1a: Bronzong
|-unboost|p1a: Bronzong|evasion|1
|-sideend|p1: thegroomsmen|Stealth Rock|[from] move: Defog|[of] p2a: Corviknight
|-sideend|p2: Dietgoose|Stealth Rock|[from] move: Defog|[of] p2a: Corviknight
|move|p1a: Bronzong|Future Sight|p2a: Corviknight
|-start|p1a: Bronzong|move: Future Sight
|
|-heal|p2a: Corviknight|100/100 brn|[from] item: Leftovers
|-heal|p1a: Bronzong|59/100|[from] item: Leftovers
|-damage|p2a: Corviknight|94/100 brn|[from] brn
|upkeep
|turn|15
|
|t:|1685913591
|switch|p1a: Sandy Shocks|Sandy Shocks|85/100
|move|p2a: Corviknight|Drill Peck|p1a: Sandy Shocks
|-resisted|p1a: Sandy Shocks
|-damage|p1a: Sandy Shocks|79/100
|
|-heal|p2a: Corviknight|100/100 brn|[from] item: Leftovers
|-damage|p2a: Corviknight|94/100 brn|[from] brn
|upkeep
|turn|16
|
|t:|1685913625
|move|p1a: Sandy Shocks|Earth Power|p2a: Corviknight
|-immune|p2a: Corviknight
|move|p2a: Corviknight|Roost|p2a: Corviknight
|-heal|p2a: Corviknight|100/100 brn
|-singleturn|p2a: Corviknight|move: Roost
|
|-end|p2a: Corviknight|move: Future Sight
|-resisted|p2a: Corviknight
|-damage|p2a: Corviknight|85/100 brn
|-heal|p2a: Corviknight|91/100 brn|[from] item: Leftovers
|-damage|p2a: Corviknight|85/100 brn|[from] brn
|upkeep
|turn|17
|
|t:|1685913644
|switch|p2a: Quagsire|Quagsire, F|100/100
|move|p1a: Sandy Shocks|Earth Power|p2a: Quagsire
|-damage|p2a: Quagsire|47/100
|
|upkeep
|turn|18
|
|t:|1685913664
|switch|p2a: Corviknight|Corviknight, M, shiny|85/100 brn
|-ability|p2a: Corviknight|Pressure
|move|p1a: Sandy Shocks|Earth Power|p2a: Corviknight
|-immune|p2a: Corviknight
|
|-heal|p2a: Corviknight|91/100 brn|[from] item: Leftovers
|-damage|p2a: Corviknight|85/100 brn|[from] brn
|upkeep
|turn|19
|
|t:|1685913674
|move|p1a: Sandy Shocks|Thunderbolt|p2a: Corviknight
|-supereffective|p2a: Corviknight
|-damage|p2a: Corviknight|0 fnt
|faint|p2a: Corviknight
|
|upkeep
|
|t:|1685913681
|switch|p2a: Iron Moth|Iron Moth, shiny|100/100
|turn|20
|
|t:|1685913693
|move|p2a: Iron Moth|U-turn|p1a: Sandy Shocks
|-damage|p1a: Sandy Shocks|67/100
|
|t:|1685913701
|-end|p2a: Iron Moth|Quark Drive|[silent]
|switch|p2a: Quagsire|Quagsire, F|47/100|[from] U-turn
|move|p1a: Sandy Shocks|Earth Power|p2a: Quagsire
|-damage|p2a: Quagsire|0 fnt
|faint|p2a: Quagsire
|
|upkeep
|
|t:|1685913709
|switch|p2a: Iron Moth|Iron Moth, shiny|100/100
|turn|21
|
|t:|1685913734
|move|p2a: Iron Moth|Dazzling Gleam|p1a: Sandy Shocks
|-damage|p1a: Sandy Shocks|28/100
|move|p1a: Sandy Shocks|Earth Power|p2a: Iron Moth
|-supereffective|p2a: Iron Moth
|-damage|p2a: Iron Moth|0 fnt
|faint|p2a: Iron Moth
|-end|p2a: Iron Moth|Quark Drive|[silent]
|
|upkeep
|
|t:|1685913739
|switch|p2a: Vaporeon|Vaporeon, F, shiny|57/100
|turn|22
|
|t:|1685913742
|move|p1a: Sandy Shocks|Thunderbolt|p2a: Vaporeon
|-supereffective|p2a: Vaporeon
|-damage|p2a: Vaporeon|5/100
|move|p2a: Vaporeon|Surf|p1a: Sandy Shocks
|-supereffective|p1a: Sandy Shocks
|-damage|p1a: Sandy Shocks|0 fnt
|faint|p1a: Sandy Shocks
|-end|p1a: Sandy Shocks|Protosynthesis|[silent]
|
|-heal|p2a: Vaporeon|11/100|[from] item: Leftovers
|upkeep
|
|t:|1685913752
|switch|p1a: Dragonite|Dragonite, F|100/100
|turn|23
|
|t:|1685913755
|move|p1a: Dragonite|Earthquake|p2a: Vaporeon
|-damage|p2a: Vaporeon|0 fnt
|faint|p2a: Vaporeon
|
|upkeep
|
|t:|1685913757
|switch|p2a: Arcanine|Arcanine, M, shiny|86/100
|-ability|p2a: Arcanine|Intimidate|boost
|-unboost|p1a: Dragonite|atk|1
|turn|24
|
|t:|1685913761
|move|p1a: Dragonite|Earthquake|p2a: Arcanine
|-supereffective|p2a: Arcanine
|-crit|p2a: Arcanine
|-damage|p2a: Arcanine|0 fnt
|faint|p2a: Arcanine
|
|win|thegroomsmen
|c|☆thegroomsmen|gg man
|l|☆Dietgoose
