|j|☆Green Costume
|j|☆Matt TG
|t:|1685826940
|gametype|singles
|player|p1|Green Costume|pokemaniac|1262
|player|p2|Matt TG|steven|1258
|teamsize|p1|6
|teamsize|p2|6
|gen|9
|tier|[Gen 9] OU
|rated|
|rule|Sleep Clause Mod: Limit one foe put to sleep
|rule|Species Clause: Limit one of each Pokémon
|rule|OHKO Clause: OHKO moves are banned
|rule|Evasion Items Clause: Evasion items are banned
|rule|Evasion Moves Clause: Evasion moves are banned
|rule|Endless Battle Clause: Forcing endless battles is banned
|rule|HP Percentage Mod: HP is shown in percentages
|clearpoke
|poke|p1|Pawmot, M|
|poke|p1|Abomasnow, M|
|poke|p1|Avalugg-Hisui, F|
|poke|p1|Slowking-Galar, F|
|poke|p1|Landorus-Therian, M|
|poke|p1|Magearna|
|poke|p2|Glastrier|
|poke|p2|Magearna|
|poke|p2|Cresselia, F|
|poke|p2|Ursaluna, M|
|poke|p2|Kingambit, F|
|poke|p2|Slowking-Galar, M|
|teampreview
|inactive|Battle timer is ON: inactive players will automatically lose when time's up. (requested by Matt TG)
|
|t:|1685826954
|start
|switch|p1a: Landorus|Landorus-Therian, M|100/100
|switch|p2a: Cresselia|Cresselia, F|100/100
|-ability|p1a: Landorus|Intimidate|boost
|-unboost|p2a: Cresselia|atk|1
|turn|1
|
|t:|1685826960
|move|p1a: Landorus|U-turn|p2a: Cresselia
|-supereffective|p2a: Cresselia
|-damage|p2a: Cresselia|64/100
|
|t:|1685826963
|switch|p1a: Abomasnow|Abomasnow, M, shiny|100/100|[from] U-turn
|-weather|Snow|[from] ability: Snow Warning|[of] p1a: Abomasnow
|move|p2a: Cresselia|Ice Beam|p1a: Abomasnow
|-damage|p1a: Abomasnow|87/100
|
|-weather|Snow|[upkeep]
|upkeep
|turn|2
|
|t:|1685826972
|move|p1a: Abomasnow|Leech Seed|p2a: Cresselia
|-start|p2a: Cresselia|move: Leech Seed
|move|p2a: Cresselia|Trick Room|p2a: Cresselia
|-fieldstart|move: Trick Room|[of] p2a: Cresselia
|
|-weather|Snow|[upkeep]
|-damage|p2a: Cresselia|52/100|[from] Leech Seed|[of] p1a: Abomasnow
|-heal|p1a: Abomasnow|100/100|[silent]
|upkeep
|turn|3
|
|t:|1685826978
|switch|p2a: Slowking|Slowking-Galar, M|100/100
|move|p1a: Abomasnow|Aurora Veil|p1a: Abomasnow
|-sidestart|p1: Green Costume|move: Aurora Veil
|
|-weather|Snow|[upkeep]
|upkeep
|turn|4
|
|t:|1685826994
|move|p2a: Slowking|Flamethrower|p1a: Abomasnow
|-supereffective|p1a: Abomasnow
|-damage|p1a: Abomasnow|67/100
|move|p1a: Abomasnow|Leech Seed|p2a: Slowking
|-start|p2a: Slowking|move: Leech Seed
|
|-weather|Snow|[upkeep]
|-damage|p2a: Slowking|88/100|[from] Leech Seed|[of] p1a: Abomasnow
|-heal|p1a: Abomasnow|80/100|[silent]
|upkeep
|turn|5
|
|t:|1685827012
|switch|p1a: Landorus|Landorus-Therian, M|100/100
|-ability|p1a: Landorus|Intimidate|boost
|-unboost|p2a: Slowking|atk|1
|move|p2a: Slowking|Flamethrower|p1a: Landorus
|-crit|p1a: Landorus
|-damage|p1a: Landorus|57/100
|
|-weather|none
|-damage|p2a: Slowking|76/100|[from] Leech Seed|[of] p1a: Landorus
|-heal|p1a: Landorus|72/100|[silent]
|upkeep
|turn|6
|
|t:|1685827023
|switch|p2a: Cresselia|Cresselia, F|52/100
|move|p1a: Landorus|Earthquake|p2a: Cresselia
|-immune|p2a: Cresselia|[from] ability: Levitate
|
|-fieldend|move: Trick Room
|upkeep
|turn|7
|
|t:|1685827030
|switch|p1a: Abomasnow|Abomasnow, M, shiny|80/100
|-weather|Snow|[from] ability: Snow Warning|[of] p1a: Abomasnow
|switch|p2a: Slowking|Slowking-Galar, M|100/100
|
|-weather|Snow|[upkeep]
|upkeep
|turn|8
|
|t:|1685827037
|move|p1a: Abomasnow|Leech Seed|p2a: Slowking
|-start|p2a: Slowking|move: Leech Seed
|move|p2a: Slowking|Trick Room|p2a: Slowking
|-fieldstart|move: Trick Room|[of] p2a: Slowking
|
|-weather|Snow|[upkeep]
|-damage|p2a: Slowking|88/100|[from] Leech Seed|[of] p1a: Abomasnow
|-heal|p1a: Abomasnow|94/100|[silent]
|upkeep
|turn|9
|
|t:|1685827046
|switch|p1a: Landorus|Landorus-Therian, M|72/100
|-ability|p1a: Landorus|Intimidate|boost
|-unboost|p2a: Slowking|atk|1
|move|p2a: Slowking|Flamethrower|p1a: Landorus
|-damage|p1a: Landorus|57/100
|
|-weather|Snow|[upkeep]
|-damage|p2a: Slowking|76/100|[from] Leech Seed|[of] p1a: Landorus
|-heal|p1a: Landorus|72/100|[silent]
|upkeep
|turn|10
|
|t:|1685827055
|move|p2a: Slowking|Chilly Reception|p2a: Slowking
|
|t:|1685827062
|switch|p2a: Glastrier|Glastrier|100/100|[from] Chilly Reception
|move|p1a: Landorus|U-turn|p2a: Glastrier
|-damage|p2a: Glastrier|87/100
|
|t:|1685827068
|switch|p1a: Abomasnow|Abomasnow, M, shiny|94/100|[from] U-turn
|
|-weather|Snow|[upkeep]
|-sideend|p1: Green Costume|move: Aurora Veil
|upkeep
|turn|11
|
|t:|1685827074
|move|p2a: Glastrier|Icicle Crash|p1a: Abomasnow
|-damage|p1a: Abomasnow|51/100
|move|p1a: Abomasnow|Aurora Veil|p1a: Abomasnow
|-sidestart|p1: Green Costume|move: Aurora Veil
|
|-weather|none
|upkeep
|turn|12
|
|t:|1685827080
|move|p2a: Glastrier|Swords Dance|p2a: Glastrier
|-boost|p2a: Glastrier|atk|2
|move|p1a: Abomasnow|Leech Seed|p2a: Glastrier
|-start|p2a: Glastrier|move: Leech Seed
|
|-damage|p2a: Glastrier|75/100|[from] Leech Seed|[of] p1a: Abomasnow
|-heal|p1a: Abomasnow|65/100|[silent]
|-fieldend|move: Trick Room
|upkeep
|turn|13
|
|t:|1685827090
|switch|p1a: Slowking|Slowking-Galar, F|100/100
|move|p2a: Glastrier|Icicle Crash|p1a: Slowking
|-damage|p1a: Slowking|56/100
|
|-damage|p2a: Glastrier|63/100|[from] Leech Seed|[of] p1a: Slowking
|-heal|p1a: Slowking|71/100|[silent]
|upkeep
|turn|14
|
|t:|1685827099
|move|p1a: Slowking|Future Sight|p2a: Glastrier
|-start|p1a: Slowking|move: Future Sight
|move|p2a: Glastrier|Stomping Tantrum|p1a: Slowking
|-supereffective|p1a: Slowking
|-damage|p1a: Slowking|15/100
|
|-damage|p2a: Glastrier|50/100|[from] Leech Seed|[of] p1a: Slowking
|-heal|p1a: Slowking|29/100|[silent]
|upkeep
|turn|15
|
|t:|1685827106
|switch|p1a: Abomasnow|Abomasnow, M, shiny|65/100
|-weather|Snow|[from] ability: Snow Warning|[of] p1a: Abomasnow
|move|p2a: Glastrier|Stomping Tantrum|p1a: Abomasnow
|-resisted|p1a: Abomasnow
|-damage|p1a: Abomasnow|53/100
|
|-weather|Snow|[upkeep]
|-damage|p2a: Glastrier|38/100|[from] Leech Seed|[of] p1a: Abomasnow
|-heal|p1a: Abomasnow|67/100|[silent]
|upkeep
|turn|16
|
|t:|1685827115
|switch|p1a: Slowking|Slowking-Galar, F|63/100
|switch|p2a: Kingambit|Kingambit, F|100/100
|
|-weather|Snow|[upkeep]
|-end|p2a: Kingambit|move: Future Sight
|-immune|p2a: Kingambit
|upkeep
|turn|17
|
|t:|1685827127
|switch|p1a: Landorus|Landorus-Therian, M|72/100
|-ability|p1a: Landorus|Intimidate|boost
|-unboost|p2a: Kingambit|atk|1
|move|p2a: Kingambit|Swords Dance|p2a: Kingambit
|-boost|p2a: Kingambit|atk|2
|
|-weather|Snow|[upkeep]
|upkeep
|turn|18
|
|t:|1685827134
|-end|p2a: Kingambit|fallenundefined|[silent]
|switch|p2a: Cresselia|Cresselia, F|52/100
|move|p1a: Landorus|Earthquake|p2a: Cresselia
|-immune|p2a: Cresselia|[from] ability: Levitate
|
|-weather|Snow|[upkeep]
|-sideend|p1: Green Costume|move: Aurora Veil
|upkeep
|turn|19
|
|t:|1685827141
|switch|p1a: Abomasnow|Abomasnow, M, shiny|67/100
|move|p2a: Cresselia|Trick Room|p2a: Cresselia
|-fieldstart|move: Trick Room|[of] p2a: Cresselia
|
|-weather|none
|upkeep
|turn|20
|inactive|Matt TG has 120 seconds left.
|
|t:|1685827183
|switch|p2a: Slowking|Slowking-Galar, M|100/100
|move|p1a: Abomasnow|Leech Seed|p2a: Slowking
|-start|p2a: Slowking|move: Leech Seed
|
|-damage|p2a: Slowking|88/100|[from] Leech Seed|[of] p1a: Abomasnow
|-heal|p1a: Abomasnow|81/100|[silent]
|upkeep
|turn|21
|c|☆Green Costume|ppl don't realize how good snow is lol
|c|☆Matt TG|it is
|c|☆Green Costume|asnow is so bae
|inactive|Green Costume has 120 seconds left.
|
|t:|1685827218
|switch|p1a: Slowking|Slowking-Galar, F|96/100
|move|p2a: Slowking|Flamethrower|p1a: Slowking
|-damage|p1a: Slowking|78/100
|
|-damage|p2a: Slowking|76/100|[from] Leech Seed|[of] p1a: Slowking
|-heal|p1a: Slowking|93/100|[silent]
|upkeep
|turn|22
|c|☆Matt TG|well mainly aurora veil, op move
|
|t:|1685827228
|move|p2a: Slowking|Chilly Reception|p2a: Slowking
|-weather|Snow
|
|t:|1685827233
|switch|p2a: Magearna|Magearna|100/100|[from] Chilly Reception
|move|p1a: Slowking|Future Sight|p2a: Magearna
|-start|p1a: Slowking|move: Future Sight
|
|-weather|Snow|[upkeep]
|upkeep
|turn|23
|
|t:|1685827243
|switch|p1a: Landorus|Landorus-Therian, M|72/100
|-ability|p1a: Landorus|Intimidate|boost
|-unboost|p2a: Magearna|atk|1
|-enditem|p2a: Magearna|Eject Pack
|
|t:|1685827251
|switch|p2a: Glastrier|Glastrier|38/100
|
|-weather|Snow|[upkeep]
|-fieldend|move: Trick Room
|upkeep
|turn|24
|
|t:|1685827257
|move|p1a: Landorus|Stone Edge|p2a: Glastrier|[miss]
|-miss|p1a: Landorus|p2a: Glastrier
|move|p2a: Glastrier|Icicle Crash|p1a: Landorus
|-supereffective|p1a: Landorus
|-damage|p1a: Landorus|0 fnt
|faint|p1a: Landorus
|-ability|p2a: Glastrier|Chilling Neigh|boost
|-boost|p2a: Glastrier|atk|1
|
|-weather|Snow|[upkeep]
|-end|p2a: Glastrier|move: Future Sight
|-damage|p2a: Glastrier|2/100
|upkeep
|c|☆Green Costume|lool
|
|t:|1685827272
|switch|p1a: Abomasnow|Abomasnow, M, shiny|81/100
|turn|25
|
|t:|1685827287
|switch|p2a: Magearna|Magearna|100/100
|move|p1a: Abomasnow|Energy Ball|p2a: Magearna
|-resisted|p2a: Magearna
|-damage|p2a: Magearna|88/100
|
|-weather|Snow|[upkeep]
|upkeep
|turn|26
|
|t:|1685827295
|move|p1a: Abomasnow|Aurora Veil|p1a: Abomasnow
|-sidestart|p1: Green Costume|move: Aurora Veil
|move|p2a: Magearna|Trick Room|p2a: Magearna
|-fieldstart|move: Trick Room|[of] p2a: Magearna
|
|-weather|none
|upkeep
|turn|27
|inactive|Matt TG has 120 seconds left.
|
|t:|1685827327
|move|p2a: Magearna|Focus Blast|p1a: Abomasnow
|-supereffective|p1a: Abomasnow
|-crit|p1a: Abomasnow
|-damage|p1a: Abomasnow|0 fnt
|faint|p1a: Abomasnow
|-ability|p2a: Magearna|Soul-Heart|boost
|-boost|p2a: Magearna|spa|1
|
|upkeep
|
|t:|1685827350
|switch|p1a: Dream Lord|Pawmot, M|100/100
|turn|28
|
|t:|1685827355
|move|p2a: Magearna|Fleur Cannon|p1a: Dream Lord
|-supereffective|p1a: Dream Lord
|-enditem|p1a: Dream Lord|Focus Sash
|-damage|p1a: Dream Lord|1/100
|-unboost|p2a: Magearna|spa|2
|move|p1a: Dream Lord|Revival Blessing|p1a: Dream Lord
|
|t:|1685827371
|-heal|p1: Abomasnow|50/100|[from] move: Revival Blessing
|
|upkeep
|turn|29
|
|t:|1685827382
|switch|p1a: Slowking|Slowking-Galar, F|100/100
|move|p2a: Magearna|Thunderbolt|p1a: Slowking
|-damage|p1a: Slowking|92/100
|
|upkeep
|turn|30
|
|t:|1685827392
|switch|p2a: Cresselia|Cresselia, F|52/100
|move|p1a: Slowking|Future Sight|p2a: Cresselia
|-start|p1a: Slowking|move: Future Sight
|
|-fieldend|move: Trick Room
|upkeep
|turn|31
|
|t:|1685827401
|switch|p1a: Abomasnow|Abomasnow, M, shiny|50/100
|-weather|Snow|[from] ability: Snow Warning|[of] p1a: Abomasnow
|move|p2a: Cresselia|Trick Room|p2a: Cresselia
|-fieldstart|move: Trick Room|[of] p2a: Cresselia
|
|-weather|Snow|[upkeep]
|upkeep
|turn|32
|
|t:|1685827410
|move|p1a: Abomasnow|Leech Seed|p2a: Cresselia
|-start|p2a: Cresselia|move: Leech Seed
|move|p2a: Cresselia|Lunar Dance|p2a: Cresselia
|faint|p2a: Cresselia
|
|-weather|Snow|[upkeep]
|-hint|Future Sight did not hit because the target is fainted.
|upkeep
|
|t:|1685827413
|switch|p2a: Glastrier|Glastrier|2/100
|-heal|p2a: Glastrier|100/100|[from] move: Lunar Dance
|turn|33
|
|t:|1685827430
|switch|p2a: Slowking|Slowking-Galar, M|100/100
|move|p1a: Abomasnow|Leech Seed|p2a: Slowking
|-start|p2a: Slowking|move: Leech Seed
|
|-weather|Snow|[upkeep]
|-damage|p2a: Slowking|88/100|[from] Leech Seed|[of] p1a: Abomasnow
|-heal|p1a: Abomasnow|64/100|[silent]
|-sideend|p1: Green Costume|move: Aurora Veil
|upkeep
|turn|34
|
|t:|1685827440
|switch|p1a: Slowking|Slowking-Galar, F|100/100
|move|p2a: Slowking|Flamethrower|p1a: Slowking
|-damage|p1a: Slowking|82/100
|
|-weather|Snow|[upkeep]
|-damage|p2a: Slowking|76/100|[from] Leech Seed|[of] p1a: Slowking
|-heal|p1a: Slowking|97/100|[silent]
|upkeep
|turn|35
|
|t:|1685827462
|move|p2a: Slowking|Psychic|p1a: Slowking
|-crit|p1a: Slowking
|-damage|p1a: Slowking|54/100
|-unboost|p1a: Slowking|spd|1
|move|p1a: Slowking|Future Sight|p2a: Slowking
|-start|p1a: Slowking|move: Future Sight
|
|-weather|none
|-damage|p2a: Slowking|63/100|[from] Leech Seed|[of] p1a: Slowking
|-heal|p1a: Slowking|68/100|[silent]
|-fieldend|move: Trick Room
|upkeep
|turn|36
|
|t:|1685827470
|move|p1a: Slowking|Chilly Reception|p1a: Slowking
|-weather|Snow
|
|t:|1685827474
|switch|p1a: Abomasnow|Abomasnow, M, shiny|64/100|[from] Chilly Reception
|move|p2a: Slowking|Psychic|p1a: Abomasnow
|-damage|p1a: Abomasnow|37/100
|
|-weather|Snow|[upkeep]
|-damage|p2a: Slowking|51/100|[from] Leech Seed|[of] p1a: Abomasnow
|-heal|p1a: Abomasnow|51/100|[silent]
|upkeep
|turn|37
|
|t:|1685827487
|switch|p2a: Magearna|Magearna|88/100
|move|p1a: Abomasnow|Aurora Veil|p1a: Abomasnow
|-sidestart|p1: Green Costume|move: Aurora Veil
|
|-weather|Snow|[upkeep]
|-end|p2a: Magearna|move: Future Sight
|-resisted|p2a: Magearna
|-damage|p2a: Magearna|68/100
|upkeep
|turn|38
|
|t:|1685827493
|move|p1a: Abomasnow|Leech Seed|p2a: Magearna
|-start|p2a: Magearna|move: Leech Seed
|move|p2a: Magearna|Trick Room|p2a: Magearna
|-fieldstart|move: Trick Room|[of] p2a: Magearna
|
|-weather|Snow|[upkeep]
|-damage|p2a: Magearna|55/100|[from] Leech Seed|[of] p1a: Abomasnow
|-heal|p1a: Abomasnow|64/100|[silent]
|upkeep
|turn|39
|
|t:|1685827503
|switch|p1a: Magearna|Magearna|100/100
|move|p2a: Magearna|Focus Blast|p1a: Magearna|[miss]
|-miss|p2a: Magearna|p1a: Magearna
|
|-weather|Snow|[upkeep]
|-damage|p2a: Magearna|43/100|[from] Leech Seed|[of] p1a: Magearna
|upkeep
|turn|40
|
|t:|1685827512
|switch|p2a: Slowking|Slowking-Galar, M|84/100
|move|p1a: Magearna|Calm Mind|p1a: Magearna
|-boost|p1a: Magearna|spa|1
|-boost|p1a: Magearna|spd|1
|
|-weather|none
|upkeep
|turn|41
|
|t:|1685827524
|move|p2a: Slowking|Flamethrower|p1a: Magearna
|-supereffective|p1a: Magearna
|-damage|p1a: Magearna|85/100
|move|p1a: Magearna|Calm Mind|p1a: Magearna
|-boost|p1a: Magearna|spa|1
|-boost|p1a: Magearna|spd|1
|
|-heal|p1a: Magearna|92/100|[from] item: Leftovers
|upkeep
|turn|42
|
|t:|1685827531
|move|p2a: Slowking|Flamethrower|p1a: Magearna
|-supereffective|p1a: Magearna
|-damage|p1a: Magearna|81/100
|move|p1a: Magearna|Calm Mind|p1a: Magearna
|-boost|p1a: Magearna|spa|1
|-boost|p1a: Magearna|spd|1
|
|-heal|p1a: Magearna|87/100|[from] item: Leftovers
|-fieldend|move: Trick Room
|upkeep
|turn|43
|
|t:|1685827559
|move|p1a: Magearna|Calm Mind|p1a: Magearna
|-boost|p1a: Magearna|spa|1
|-boost|p1a: Magearna|spd|1
|move|p2a: Slowking|Trick Room|p2a: Slowking
|-fieldstart|move: Trick Room|[of] p2a: Slowking
|
|-heal|p1a: Magearna|93/100|[from] item: Leftovers
|upkeep
|turn|44
|inactive|Green Costume has 120 seconds left.
|
|t:|1685827577
|move|p2a: Slowking|Flamethrower|p1a: Magearna
|-supereffective|p1a: Magearna
|-damage|p1a: Magearna|85/100
|move|p1a: Magearna|Calm Mind|p1a: Magearna
|-boost|p1a: Magearna|spa|1
|-boost|p1a: Magearna|spd|1
|
|-heal|p1a: Magearna|92/100|[from] item: Leftovers
|-sideend|p1: Green Costume|move: Aurora Veil
|upkeep
|turn|45
|
|t:|1685827586
|switch|p2a: Ursaluna|Ursaluna, M|100/100
|move|p1a: Magearna|Calm Mind|p1a: Magearna
|-boost|p1a: Magearna|spa|1
|-boost|p1a: Magearna|spd|1
|
|-heal|p1a: Magearna|98/100|[from] item: Leftovers
|-status|p2a: Ursaluna|brn|[from] item: Flame Orb
|upkeep
|turn|46
|inactive|Green Costume has 120 seconds left.
|
|t:|1685827602
|-terastallize|p1a: Magearna|Ground
|move|p2a: Ursaluna|Earthquake|p1a: Magearna
|-damage|p1a: Magearna|37/100
|move|p1a: Magearna|Draining Kiss|p2a: Ursaluna
|-damage|p2a: Ursaluna|11/100 brn
|-heal|p1a: Magearna|100/100|[from] drain|[of] p2a: Ursaluna
|
|-damage|p2a: Ursaluna|4/100 brn|[from] brn
|upkeep
|turn|47
|inactive|Green Costume has 120 seconds left.
|
|t:|1685827635
|move|p2a: Ursaluna|Facade|p1a: Magearna
|-damage|p1a: Magearna|5/100
|move|p1a: Magearna|Shift Gear|p1a: Magearna
|-boost|p1a: Magearna|spe|2
|-boost|p1a: Magearna|atk|1
|
|-heal|p1a: Magearna|11/100|[from] item: Leftovers
|-damage|p2a: Ursaluna|0 fnt|[from] brn
|faint|p2a: Ursaluna
|-fieldend|move: Trick Room
|upkeep
|
|t:|1685827645
|switch|p2a: Kingambit|Kingambit, F|100/100
|-activate|p2a: Kingambit|ability: Supreme Overlord
|-start|p2a: Kingambit|fallen2|[silent]
|turn|48
|
|t:|1685827652
|move|p2a: Kingambit|Sucker Punch||[still]
|-fail|p2a: Kingambit
|move|p1a: Magearna|Shift Gear|p1a: Magearna
|-boost|p1a: Magearna|spe|2
|-boost|p1a: Magearna|atk|1
|
|-heal|p1a: Magearna|18/100|[from] item: Leftovers
|upkeep
|turn|49
|
|t:|1685827660
|move|p2a: Kingambit|Sucker Punch||[still]
|-fail|p2a: Kingambit
|move|p1a: Magearna|Shift Gear|p1a: Magearna
|-boost|p1a: Magearna|spe|2
|-boost|p1a: Magearna|atk|1
|
|-heal|p1a: Magearna|24/100|[from] item: Leftovers
|upkeep
|turn|50
|inactive|Green Costume has 120 seconds left.
|
|t:|1685827668
|move|p1a: Magearna|Draining Kiss|p2a: Kingambit
|-damage|p2a: Kingambit|9/100
|-heal|p1a: Magearna|100/100|[from] drain|[of] p2a: Kingambit
|move|p2a: Kingambit|Kowtow Cleave|p1a: Magearna
|-damage|p1a: Magearna|54/100
|
|-heal|p1a: Magearna|60/100|[from] item: Leftovers
|-heal|p2a: Kingambit|15/100|[from] item: Leftovers
|upkeep
|turn|51
|inactive|Green Costume has 120 seconds left.
|c|☆Green Costume|lol
|-message|Matt TG forfeited.
|
|win|Green Costume
|raw|Green Costume's rating: 1262 → 1287(+25 for winning)
|raw|Matt TG's rating: 1258 → 1233(-25 for losing)
|l|☆Matt TG
