|j|☆really bout it
|j|☆ewede
|t:|1685880830
|gametype|singles
|player|p1|really bout it|elesa|1170
|player|p2|ewede|170|1182
|teamsize|p1|6
|teamsize|p2|6
|gen|9
|tier|[Gen 9] OU
|rated|
|rule|Sleep Clause Mod: Limit one foe put to sleep
|rule|Species Clause: Limit one of each Pokémon
|rule|OHKO Clause: OHKO moves are banned
|rule|Evasion Items Clause: Evasion items are banned
|rule|Evasion Moves Clause: Evasion moves are banned
|rule|Endless Battle Clause: Forcing endless battles is banned
|rule|HP Percentage Mod: HP is shown in percentages
|clearpoke
|poke|p1|Overqwil, F|
|poke|p1|Basculegion-F, F|
|poke|p1|Pelipper, F|
|poke|p1|Thundurus-Therian, M|
|poke|p1|Volcanion|
|poke|p1|Iron Treads|
|poke|p2|Tornadus-Therian, M|
|poke|p2|Goodra-Hisui, F|
|poke|p2|Florges-White, F|
|poke|p2|Braviary-Hisui, M|
|poke|p2|Great Tusk|
|poke|p2|Samurott-Hisui, F|
|teampreview
|
|t:|1685880849
|start
|switch|p1a: Pelipper|Pelipper, F|100/100
|switch|p2a: Samurott|Samurott-Hisui, F|100/100
|-weather|RainDance|[from] ability: Drizzle|[of] p1a: Pelipper
|turn|1
|inactive|Battle timer is ON: inactive players will automatically lose when time's up. (requested by really bout it)
|
|t:|1685880877
|move|p2a: Samurott|Ceaseless Edge|p1a: Pelipper
|-damage|p1a: Pelipper|66/100
|-sidestart|p1: really bout it|Spikes
|move|p1a: Pelipper|Hurricane|p2a: Samurott
|-damage|p2a: Samurott|49/100
|
|-weather|RainDance|[upkeep]
|upkeep
|turn|2
|
|t:|1685880885
|move|p2a: Samurott|Ceaseless Edge|p1a: Pelipper
|-damage|p1a: Pelipper|32/100
|-sidestart|p1: really bout it|Spikes
|move|p1a: Pelipper|U-turn|p2a: Samurott
|-supereffective|p2a: Samurott
|-damage|p2a: Samurott|26/100
|
|t:|1685880890
|switch|p1a: Iron Treads|Iron Treads|100/100|[from] U-turn
|-damage|p1a: Iron Treads|84/100|[from] Spikes
|
|-weather|RainDance|[upkeep]
|-heal|p1a: Iron Treads|90/100|[from] item: Leftovers
|upkeep
|turn|3
|inactive|ewede has 120 seconds left.
|
|t:|1685880934
|move|p1a: Iron Treads|Rapid Spin|p2a: Samurott
|-damage|p2a: Samurott|7/100
|-boost|p1a: Iron Treads|spe|1
|-sideend|p1: really bout it|Spikes|[from] move: Rapid Spin|[of] p1a: Iron Treads
|move|p2a: Samurott|Razor Shell|p1a: Iron Treads
|-supereffective|p1a: Iron Treads
|-damage|p1a: Iron Treads|0 fnt
|faint|p1a: Iron Treads
|-end|p1a: Iron Treads|Quark Drive|[silent]
|
|-weather|RainDance|[upkeep]
|upkeep
|
|t:|1685880946
|switch|p1a: Overqwil|Overqwil, F|100/100
|turn|4
|inactive|ewede has 120 seconds left.
|
|t:|1685880953
|switch|p2a: Great Tusk|Great Tusk|100/100
|move|p1a: Overqwil|Crunch|p2a: Great Tusk
|-resisted|p2a: Great Tusk
|-damage|p2a: Great Tusk|89/100
|-unboost|p2a: Great Tusk|def|1
|-damage|p1a: Overqwil|91/100|[from] item: Life Orb
|
|-weather|RainDance|[upkeep]
|-heal|p2a: Great Tusk|96/100|[from] item: Leftovers
|upkeep
|turn|5
|
|t:|1685880959
|-terastallize|p1a: Overqwil|Water
|move|p1a: Overqwil|Swords Dance|p1a: Overqwil
|-boost|p1a: Overqwil|atk|2
|move|p2a: Great Tusk|Stealth Rock|p1a: Overqwil
|-sidestart|p1: really bout it|move: Stealth Rock
|
|-weather|RainDance|[upkeep]
|-heal|p2a: Great Tusk|100/100|[from] item: Leftovers
|upkeep
|turn|6
|
|t:|1685880970
|move|p1a: Overqwil|Liquidation|p2a: Great Tusk
|-supereffective|p2a: Great Tusk
|-damage|p2a: Great Tusk|0 fnt
|faint|p2a: Great Tusk
|-end|p2a: Great Tusk|Protosynthesis|[silent]
|-damage|p1a: Overqwil|81/100|[from] item: Life Orb
|
|-weather|RainDance|[upkeep]
|upkeep
|
|t:|1685880979
|switch|p2a: Florges|Florges-White, F|100/100
|turn|7
|
|t:|1685880982
|move|p2a: Florges|Protect|p2a: Florges
|-singleturn|p2a: Florges|Protect
|move|p1a: Overqwil|Gunk Shot|p2a: Florges
|-activate|p2a: Florges|move: Protect
|
|-weather|RainDance|[upkeep]
|upkeep
|turn|8
|
|t:|1685880988
|switch|p2a: Goodra|Goodra-Hisui, F|100/100
|move|p1a: Overqwil|Crunch|p2a: Goodra
|-damage|p2a: Goodra|11/100
|-damage|p1a: Overqwil|71/100|[from] item: Life Orb
|
|-weather|none
|upkeep
|turn|9
|
|t:|1685880993
|move|p1a: Overqwil|Crunch|p2a: Goodra
|-damage|p2a: Goodra|0 fnt
|faint|p2a: Goodra
|-damage|p1a: Overqwil|61/100|[from] item: Life Orb
|
|upkeep
|
|t:|1685881001
|switch|p2a: Samurott|Samurott-Hisui, F|7/100
|turn|10
|
|t:|1685881007
|move|p1a: Overqwil|Crunch|p2a: Samurott
|-resisted|p2a: Samurott
|-damage|p2a: Samurott|0 fnt
|faint|p2a: Samurott
|-damage|p1a: Overqwil|51/100|[from] item: Life Orb
|
|upkeep
|
|t:|1685881010
|switch|p2a: Tornadus|Tornadus-Therian, M|100/100
|turn|11
|
|t:|1685881014
|switch|p1a: Pelipper|Pelipper, F|32/100
|-damage|p1a: Pelipper|8/100|[from] Stealth Rock
|-weather|RainDance|[from] ability: Drizzle|[of] p1a: Pelipper
|move|p2a: Tornadus|Bleakwind Storm|p1a: Pelipper
|-damage|p1a: Pelipper|0 fnt
|faint|p1a: Pelipper
|
|-weather|RainDance|[upkeep]
|upkeep
|
|t:|1685881016
|switch|p1a: Basculegion|Basculegion-F, F|100/100
|-damage|p1a: Basculegion|88/100|[from] Stealth Rock
|turn|12
|
|t:|1685881026
|switch|p2a: Florges|Florges-White, F|100/100
|move|p1a: Basculegion|Ice Beam|p2a: Florges
|-damage|p2a: Florges|78/100
|-damage|p1a: Basculegion|78/100|[from] item: Life Orb
|
|-weather|RainDance|[upkeep]
|-heal|p2a: Florges|84/100|[from] item: Leftovers
|upkeep
|turn|13
|
|t:|1685881033
|move|p1a: Basculegion|Hydro Pump|p2a: Florges
|-damage|p2a: Florges|24/100
|-damage|p1a: Basculegion|68/100|[from] item: Life Orb
|move|p2a: Florges|Moonblast|p1a: Basculegion
|-damage|p1a: Basculegion|25/100
|-unboost|p1a: Basculegion|spa|1
|
|-weather|RainDance|[upkeep]
|-heal|p2a: Florges|30/100|[from] item: Leftovers
|upkeep
|turn|14
|
|t:|1685881041
|move|p2a: Florges|Protect|p2a: Florges
|-singleturn|p2a: Florges|Protect
|move|p1a: Basculegion|Hydro Pump|p2a: Florges
|-activate|p2a: Florges|move: Protect
|
|-weather|RainDance|[upkeep]
|-heal|p2a: Florges|36/100|[from] item: Leftovers
|upkeep
|turn|15
|
|t:|1685881055
|move|p1a: Basculegion|Hydro Pump|p2a: Florges
|-damage|p2a: Florges|0 fnt
|faint|p2a: Florges
|-damage|p1a: Basculegion|15/100|[from] item: Life Orb
|
|-weather|RainDance|[upkeep]
|upkeep
|
|t:|1685881066
|switch|p2a: Braviary|Braviary-Hisui, M|100/100
|turn|16
|
|t:|1685881069
|move|p1a: Basculegion|Shadow Ball|p2a: Braviary
|-supereffective|p2a: Braviary
|-damage|p2a: Braviary|31/100
|-damage|p1a: Basculegion|5/100|[from] item: Life Orb
|move|p2a: Braviary|Esper Wing|p1a: Basculegion
|-damage|p1a: Basculegion|0 fnt
|-boost|p2a: Braviary|spe|1
|faint|p1a: Basculegion
|
|-weather|RainDance|[upkeep]
|upkeep
|
|t:|1685881075
|switch|p1a: Overqwil|Overqwil, F, tera:Water|51/100
|-damage|p1a: Overqwil|38/100|[from] Stealth Rock
|turn|17
|
|t:|1685881082
|move|p1a: Overqwil|Crunch|p2a: Braviary
|-supereffective|p2a: Braviary
|-damage|p2a: Braviary|0 fnt
|faint|p2a: Braviary
|-damage|p1a: Overqwil|28/100|[from] item: Life Orb
|
|-weather|RainDance|[upkeep]
|upkeep
|
|t:|1685881085
|switch|p2a: Tornadus|Tornadus-Therian, M|100/100
|turn|18
|
|t:|1685881089
|move|p1a: Overqwil|Liquidation|p2a: Tornadus
|-damage|p2a: Tornadus|0 fnt
|faint|p2a: Tornadus
|-damage|p1a: Overqwil|19/100|[from] item: Life Orb
|
|win|really bout it
|raw|really bout it's rating: 1170 → 1196(+26 for winning)
|raw|ewede's rating: 1182 → 1156(-26 for losing)
|l|☆ewede
