|j|☆sissiOver
|j|☆ZenDaruma2
|t:|1685916255
|gametype|singles
|player|p1|sissiOver|170|1193
|player|p2|ZenDaruma2|265|1258
|teamsize|p1|6
|teamsize|p2|6
|gen|9
|tier|[Gen 9] OU
|rated|
|rule|Sleep Clause Mod: Limit one foe put to sleep
|rule|Species Clause: Limit one of each Pokémon
|rule|OHKO Clause: OHKO moves are banned
|rule|Evasion Items Clause: Evasion items are banned
|rule|Evasion Moves Clause: Evasion moves are banned
|rule|Endless Battle Clause: Forcing endless battles is banned
|rule|HP Percentage Mod: HP is shown in percentages
|clearpoke
|poke|p1|Kleavor, F|
|poke|p1|Urshifu-*, F|
|poke|p1|Breloom, M|
|poke|p1|Heatran, F|
|poke|p1|Gallade, M|
|poke|p1|Arcanine-Hisui, M|
|poke|p2|Sneasler, M|
|poke|p2|Dragapult, M|
|poke|p2|Zamazenta-*|
|poke|p2|Chien-Pao|
|poke|p2|Tornadus-Therian, M|
|poke|p2|Great Tusk|
|teampreview
|inactive|Battle timer is ON: inactive players will automatically lose when time's up. (requested by ZenDaruma2)
|
|t:|1685916270
|start
|switch|p1a: Kleavor|Kleavor, F|100/100
|switch|p2a: Zamazenta|Zamazenta-Crowned|100/100
|-ability|p2a: Zamazenta|Dauntless Shield|boost
|-boost|p2a: Zamazenta|def|1
|turn|1
|
|t:|1685916283
|move|p2a: Zamazenta|Substitute|p2a: Zamazenta
|-start|p2a: Zamazenta|Substitute
|-damage|p2a: Zamazenta|75/100
|move|p1a: Kleavor|Stone Axe|p2a: Zamazenta
|-resisted|p2a: Zamazenta
|-activate|p2a: Zamazenta|move: Substitute|[damage]
|-sidestart|p2: ZenDaruma2|move: Stealth Rock
|
|upkeep
|turn|2
|
|t:|1685916291
|switch|p1a: Heatran|Heatran, F|100/100
|move|p2a: Zamazenta|Iron Defense|p2a: Zamazenta
|-boost|p2a: Zamazenta|def|2
|
|upkeep
|turn|3
|
|t:|1685916307
|move|p2a: Zamazenta|Iron Defense|p2a: Zamazenta
|-boost|p2a: Zamazenta|def|2
|move|p1a: Heatran|Heat Wave|p2a: Zamazenta|[miss]
|-miss|p1a: Heatran|p2a: Zamazenta
|
|upkeep
|turn|4
|
|t:|1685916313
|move|p2a: Zamazenta|Body Press|p1a: Heatran
|-supereffective|p1a: Heatran
|-damage|p1a: Heatran|0 fnt
|faint|p1a: Heatran
|
|upkeep
|
|t:|1685916331
|switch|p1a: Arcanine|Arcanine-Hisui, M|100/100
|turn|5
|
|t:|1685916339
|move|p2a: Zamazenta|Body Press|p1a: Arcanine
|-supereffective|p1a: Arcanine
|-damage|p1a: Arcanine|0 fnt
|faint|p1a: Arcanine
|
|upkeep
|
|t:|1685916349
|switch|p1a: Urshifu|Urshifu-Rapid-Strike, F|100/100
|turn|6
|
|t:|1685916363
|move|p2a: Zamazenta|Body Press|p1a: Urshifu
|-damage|p1a: Urshifu|0 fnt
|faint|p1a: Urshifu
|
|upkeep
|
|t:|1685916371
|switch|p1a: Breloom|Breloom, M|100/100
|turn|7
|
|t:|1685916398
|move|p2a: Zamazenta|Body Press|p1a: Breloom
|-damage|p1a: Breloom|0 fnt
|faint|p1a: Breloom
|
|upkeep
|
|t:|1685916403
|switch|p1a: Gallade|Gallade, M|100/100
|turn|8
|
|t:|1685916411
|move|p1a: Gallade|Sacred Sword|p2a: Zamazenta
|-supereffective|p2a: Zamazenta
|-end|p2a: Zamazenta|Substitute
|move|p2a: Zamazenta|Crunch|p1a: Gallade
|-damage|p1a: Gallade|61/100
|-unboost|p1a: Gallade|def|1
|
|upkeep
|turn|9
|
|t:|1685916418
|move|p1a: Gallade|Sacred Sword|p2a: Zamazenta
|-supereffective|p2a: Zamazenta
|-damage|p2a: Zamazenta|0 fnt
|faint|p2a: Zamazenta
|
|upkeep
|
|t:|1685916430
|switch|p2a: Dragapult|Dragapult, M|100/100
|-damage|p2a: Dragapult|88/100|[from] Stealth Rock
|turn|10
|
|t:|1685916451
|switch|p1a: Kleavor|Kleavor, F|100/100
|-terastallize|p2a: Dragapult|Ghost
|move|p2a: Dragapult|Shadow Ball|p1a: Kleavor
|-damage|p1a: Kleavor|0 fnt
|faint|p1a: Kleavor
|
|upkeep
|
|t:|1685916458
|switch|p1a: Gallade|Gallade, M|61/100
|turn|11
|
|t:|1685916473
|switch|p2a: Tornadus|Tornadus-Therian, M|100/100
|move|p1a: Gallade|Aqua Cutter|p2a: Tornadus
|-crit|p2a: Tornadus
|-damage|p2a: Tornadus|29/100
|
|upkeep
|turn|12
|
|t:|1685916479
|move|p1a: Gallade|Aqua Cutter|p2a: Tornadus
|-damage|p2a: Tornadus|0 fnt
|faint|p2a: Tornadus
|
|upkeep
|
|t:|1685916483
|switch|p2a: Dragapult|Dragapult, M, tera:Ghost|88/100
|-damage|p2a: Dragapult|76/100|[from] Stealth Rock
|turn|13
|
|t:|1685916486
|move|p1a: Gallade|Aqua Cutter|p2a: Dragapult
|-damage|p2a: Dragapult|27/100
|move|p2a: Dragapult|Shadow Ball|p1a: Gallade
|-supereffective|p1a: Gallade
|-damage|p1a: Gallade|0 fnt
|faint|p1a: Gallade
|
|win|ZenDaruma2
|raw|sissiOver's rating: 1193 → 1173(-20 for losing)
|raw|ZenDaruma2's rating: 1258 → 1278(+20 for winning)
|l|☆sissiOver
