|j|☆Agaton
|j|☆Timwitzi4
|t:|1685835228
|gametype|singles
|player|p1|Agaton|alder|1176
|player|p2|Timwitzi4|firebreather|1130
|teamsize|p1|6
|teamsize|p2|6
|gen|9
|tier|[Gen 9] OU
|rated|
|rule|Sleep Clause Mod: Limit one foe put to sleep
|rule|Species Clause: Limit one of each Pokémon
|rule|OHKO Clause: OHKO moves are banned
|rule|Evasion Items Clause: Evasion items are banned
|rule|Evasion Moves Clause: Evasion moves are banned
|rule|Endless Battle Clause: Forcing endless battles is banned
|rule|HP Percentage Mod: HP is shown in percentages
|clearpoke
|poke|p1|Great Tusk|
|poke|p1|Dragapult, M|
|poke|p1|Urshifu-*, F|
|poke|p1|Magearna|
|poke|p1|Slowking-Galar, F|
|poke|p1|Chien-Pao|
|poke|p2|Dragapult, F|
|poke|p2|Zamazenta-*|
|poke|p2|Chien-Pao|
|poke|p2|Breloom, F|
|poke|p2|Arcanine-Hisui, F|
|poke|p2|Roaring Moon|
|teampreview
|
|t:|1685835253
|start
|switch|p1a: Dragapult|Dragapult, M|100/100
|switch|p2a: Drachne|Dragapult, F|100/100
|turn|1
|
|t:|1685835280
|move|p1a: Dragapult|Shadow Ball|p2a: Drachne
|-supereffective|p2a: Drachne
|-damage|p2a: Drachne|0 fnt
|-start|p1a: Dragapult|Disable|Shadow Ball|[from] ability: Cursed Body|[of] p2a: Drachne
|faint|p2a: Drachne
|
|upkeep
|
|t:|1685835293
|switch|p2a: Monsder|Zamazenta|100/100
|-ability|p2a: Monsder|Dauntless Shield|boost
|-boost|p2a: Monsder|def|1
|turn|2
|c|☆Agaton|etzala ham wa richtig scheise am arsch
|c|☆Timwitzi4|hast recht hahaha
|
|t:|1685835319
|switch|p1a: Great Tusk|Great Tusk|100/100
|move|p2a: Monsder|Substitute|p2a: Monsder
|-start|p2a: Monsder|Substitute
|-damage|p2a: Monsder|76/100
|
|-heal|p2a: Monsder|82/100|[from] item: Leftovers
|upkeep
|turn|3
|
|t:|1685835332
|move|p2a: Monsder|Iron Defense|p2a: Monsder
|-boost|p2a: Monsder|def|2
|move|p1a: Great Tusk|Earthquake|p2a: Monsder
|-activate|p2a: Monsder|move: Substitute|[damage]
|
|-heal|p2a: Monsder|88/100|[from] item: Leftovers
|upkeep
|turn|4
|-message|Agaton forfeited.
|
|win|Timwitzi4
|raw|Agaton's rating: 1176 → 1148(-28 for losing)
|raw|Timwitzi4's rating: 1130 → 1158(+28 for winning)
|l|☆Agaton
|c|☆Timwitzi4|danke
