|j|☆Hana Macchia
|j|☆i'm an architect
|t:|1682390659
|gametype|singles
|player|p1|Hana Macchia|oichi-conquest|1935
|player|p2|i'm an architect|169|2010
|teamsize|p1|6
|teamsize|p2|6
|gen|9
|tier|[Gen 9] OU
|rated|
|rule|Sleep Clause Mod: Limit one foe put to sleep
|rule|Species Clause: Limit one of each Pokémon
|rule|OHKO Clause: OHKO moves are banned
|rule|Evasion Items Clause: Evasion items are banned
|rule|Evasion Moves Clause: Evasion moves are banned
|rule|Endless Battle Clause: Forcing endless battles is banned
|rule|HP Percentage Mod: HP is shown in percentages
|clearpoke
|poke|p1|Slowking, M|
|poke|p1|Corviknight, F|
|poke|p1|Great Tusk|
|poke|p1|Dragapult, F|
|poke|p1|Skeledirge, F|
|poke|p1|Kingambit, M|
|poke|p2|Cyclizar, F|
|poke|p2|Toxapex, F|
|poke|p2|Dragapult, F|
|poke|p2|Great Tusk|
|poke|p2|Corviknight, F|
|poke|p2|Skeledirge, F|
|teampreview
|j| aeaeee
|inactive|Battle timer is ON: inactive players will automatically lose when time's up. (requested by i'm an architect)
|
|t:|1682390686
|start
|switch|p1a: Dragapult|Dragapult, F|100/100
|switch|p2a: Cyclizar|Cyclizar, F|100/100
|turn|1
|
|t:|1682390692
|switch|p2a: Toxapex|Toxapex, F|100/100
|move|p1a: Dragapult|Draco Meteor|p2a: Toxapex|[miss]
|-miss|p1a: Dragapult|p2a: Toxapex
|
|upkeep
|turn|2
|
|t:|1682390698
|switch|p1a: Corviknight|Corviknight, F|100/100
|-ability|p1a: Corviknight|Pressure
|move|p2a: Toxapex|Toxic Spikes|p1a: Corviknight
|-sidestart|p1: Hana Macchia|move: Toxic Spikes
|
|upkeep
|turn|3
|
|t:|1682390704
|switch|p2a: Dragapult|Dragapult, F|100/100
|move|p1a: Corviknight|Defog|p2a: Dragapult
|-unboost|p2a: Dragapult|evasion|1
|-sideend|p1: Hana Macchia|Toxic Spikes|[from] move: Defog|[of] p1a: Corviknight
|
|upkeep
|turn|4
|
|t:|1682390707
|switch|p1a: Skeledirge|Skeledirge, F|100/100
|move|p2a: Dragapult|Will-O-Wisp|p1a: Skeledirge
|-immune|p1a: Skeledirge
|
|upkeep
|turn|5
|
|t:|1682390717
|move|p2a: Dragapult|Hex|p1a: Skeledirge
|-supereffective|p1a: Skeledirge
|-damage|p1a: Skeledirge|45/100
|move|p1a: Skeledirge|Shadow Ball|p2a: Dragapult
|-supereffective|p2a: Dragapult
|-damage|p2a: Dragapult|26/100
|
|-heal|p2a: Dragapult|32/100|[from] item: Leftovers
|upkeep
|turn|6
|
|t:|1682390732
|switch|p1a: Corviknight|Corviknight, F|100/100
|-ability|p1a: Corviknight|Pressure
|move|p2a: Dragapult|Will-O-Wisp|p1a: Corviknight
|-status|p1a: Corviknight|brn
|
|-heal|p2a: Dragapult|38/100|[from] item: Leftovers
|-damage|p1a: Corviknight|94/100 brn|[from] brn
|upkeep
|turn|7
|j| pokeman808
|
|t:|1682390746
|switch|p2a: Cyclizar|Cyclizar, F|100/100
|switch|p1a: Slowking|Slowking, M|100/100
|
|upkeep
|turn|8
|
|t:|1682390750
|move|p2a: Cyclizar|Knock Off|p1a: Slowking
|-supereffective|p1a: Slowking
|-damage|p1a: Slowking|56/100
|-enditem|p1a: Slowking|Assault Vest|[from] move: Knock Off|[of] p2a: Cyclizar
|move|p1a: Slowking|Ice Beam|p2a: Cyclizar
|-supereffective|p2a: Cyclizar
|-damage|p2a: Cyclizar|45/100
|
|upkeep
|turn|9
|
|t:|1682390769
|-terastallize|p2a: Cyclizar|Fairy
|move|p2a: Cyclizar|Draco Meteor|p1a: Slowking
|-damage|p1a: Slowking|21/100
|-unboost|p2a: Cyclizar|spa|2
|move|p1a: Slowking|Psychic|p2a: Cyclizar
|-damage|p2a: Cyclizar|2/100
|
|upkeep
|turn|10
|
|t:|1682390775
|switch|p1a: Great Tusk|Great Tusk|100/100
|move|p2a: Cyclizar|Knock Off|p1a: Great Tusk
|-resisted|p1a: Great Tusk
|-damage|p1a: Great Tusk|95/100
|-enditem|p1a: Great Tusk|Leftovers|[from] move: Knock Off|[of] p2a: Cyclizar
|
|upkeep
|turn|11
|
|t:|1682390790
|switch|p2a: Great Tusk|Great Tusk|100/100
|move|p1a: Great Tusk|Knock Off|p2a: Great Tusk
|-resisted|p2a: Great Tusk
|-damage|p2a: Great Tusk|94/100
|-damage|p1a: Great Tusk|79/100|[from] item: Rocky Helmet|[of] p2a: Great Tusk
|-enditem|p2a: Great Tusk|Rocky Helmet|[from] move: Knock Off|[of] p1a: Great Tusk
|
|upkeep
|turn|12
|j| HYper
|
|t:|1682390797
|move|p1a: Great Tusk|Stealth Rock|p2a: Great Tusk
|-sidestart|p2: i'm an architect|move: Stealth Rock
|move|p2a: Great Tusk|Stealth Rock|p1a: Great Tusk
|-sidestart|p1: Hana Macchia|move: Stealth Rock
|
|upkeep
|turn|13
|
|t:|1682390801
|-end|p1a: Great Tusk|Protosynthesis|[silent]
|switch|p1a: Dragapult|Dragapult, F|100/100
|-damage|p1a: Dragapult|88/100|[from] Stealth Rock
|move|p2a: Great Tusk|Rapid Spin|p1a: Dragapult
|-immune|p1a: Dragapult
|
|upkeep
|turn|14
|c| HYper|i'm an architect good thing u have u-turn on that cyclizar
|c| HYper|or u'd be screwed
|
|t:|1682390828
|-end|p2a: Great Tusk|Protosynthesis|[silent]
|switch|p2a: Toxapex|Toxapex, F|100/100
|-damage|p2a: Toxapex|88/100|[from] Stealth Rock
|move|p1a: Dragapult|Shadow Ball|p2a: Toxapex
|-damage|p2a: Toxapex|57/100
|
|-heal|p2a: Toxapex|63/100|[from] item: Leftovers
|upkeep
|turn|15
|
|t:|1682390835
|move|p1a: Dragapult|Shadow Ball|p2a: Toxapex
|-damage|p2a: Toxapex|31/100
|move|p2a: Toxapex|Toxic Spikes|p1a: Dragapult
|-sidestart|p1: Hana Macchia|move: Toxic Spikes
|
|-heal|p2a: Toxapex|37/100|[from] item: Leftovers
|upkeep
|turn|16
|
|t:|1682390843
|-terastallize|p1a: Dragapult|Ghost
|move|p1a: Dragapult|Shadow Ball|p2a: Toxapex
|-damage|p2a: Toxapex|0 fnt
|faint|p2a: Toxapex
|
|upkeep
|c|☆Hana Macchia|surely
|inactive|i'm an architect has 120 seconds left.
|inactive|i'm an architect has 90 seconds left.
|
|t:|1682390904
|switch|p2a: Corviknight|Corviknight, F|100/100
|-damage|p2a: Corviknight|88/100|[from] Stealth Rock
|-ability|p2a: Corviknight|Pressure
|turn|17
|inactive|Hana Macchia has 120 seconds left.
|j| ryrt
|
|t:|1682390955
|move|p1a: Dragapult|Shadow Ball|p2a: Corviknight
|-damage|p2a: Corviknight|26/100
|move|p2a: Corviknight|Brave Bird|p1a: Dragapult
|-damage|p1a: Dragapult|42/100
|-damage|p2a: Corviknight|14/100|[from] Recoil
|
|-heal|p2a: Corviknight|20/100|[from] item: Leftovers
|upkeep
|turn|18
|
|t:|1682390960
|move|p1a: Dragapult|Shadow Ball|p2a: Corviknight
|-damage|p2a: Corviknight|0 fnt
|faint|p2a: Corviknight
|
|upkeep
|
|t:|1682390972
|switch|p2a: Dragapult|Dragapult, F|38/100
|-damage|p2a: Dragapult|26/100|[from] Stealth Rock
|turn|19
|inactive|Hana Macchia has 120 seconds left.
|
|t:|1682390993
|move|p1a: Dragapult|Shadow Ball|p2a: Dragapult
|-supereffective|p2a: Dragapult
|-damage|p2a: Dragapult|0 fnt
|faint|p2a: Dragapult
|
|upkeep
|c| HYper|good thing this pult is uturn and the corv was uturn too
|c|☆i'm an architect|gg
|-message|i'm an architect forfeited.
|
|win|Hana Macchia
|raw|Hana Macchia's rating: 1951 → 1974(+23 for winning)
|raw|i'm an architect's rating: 2010 → 1987(-23 for losing)
|l|☆i'm an architect
|c|☆Hana Macchia|gg
|l| HYper
