|j|☆Ayudame1
|j|☆moope
|t:|1685846691
|gametype|singles
|player|p1|Ayudame1|roxie|1323
|player|p2|moope|iono|1296
|teamsize|p1|6
|teamsize|p2|6
|gen|9
|tier|[Gen 9] OU
|rated|
|rule|Sleep Clause Mod: Limit one foe put to sleep
|rule|Species Clause: Limit one of each Pokémon
|rule|OHKO Clause: OHKO moves are banned
|rule|Evasion Items Clause: Evasion items are banned
|rule|Evasion Moves Clause: Evasion moves are banned
|rule|Endless Battle Clause: Forcing endless battles is banned
|rule|HP Percentage Mod: HP is shown in percentages
|clearpoke
|poke|p1|Pelipper, M|
|poke|p1|Thundurus-Therian, M|
|poke|p1|Corviknight, M|
|poke|p1|Basculegion, M|
|poke|p1|Overqwil, M|
|poke|p1|Clodsire, F|
|poke|p2|Pelipper, F|
|poke|p2|Basculegion, M|
|poke|p2|Urshifu-*, M|
|poke|p2|Chien-Pao|
|poke|p2|Mudsdale, M|
|poke|p2|Corviknight, F|
|teampreview
|inactive|Battle timer is ON: inactive players will automatically lose when time's up. (requested by moope)
|
|t:|1685846710
|start
|switch|p1a: Thundurus|Thundurus-Therian, M|100/100
|switch|p2a: MF GOKU|Urshifu-Rapid-Strike, M|100/100
|turn|1
|
|t:|1685846719
|switch|p2a: Mudsdale2OU|Mudsdale, M|100/100
|move|p1a: Thundurus|Volt Switch|p2a: Mudsdale2OU
|-immune|p2a: Mudsdale2OU
|
|upkeep
|turn|2
|
|t:|1685846723
|switch|p1a: Pelipper|Pelipper, M|100/100
|-weather|RainDance|[from] ability: Drizzle|[of] p1a: Pelipper
|move|p2a: Mudsdale2OU|Stealth Rock|p1a: Pelipper
|-sidestart|p1: Ayudame1|move: Stealth Rock
|
|-weather|RainDance|[upkeep]
|upkeep
|turn|3
|
|t:|1685846728
|move|p1a: Pelipper|Hurricane|p2a: Mudsdale2OU
|-damage|p2a: Mudsdale2OU|62/100
|-start|p2a: Mudsdale2OU|confusion
|-ability|p2a: Mudsdale2OU|Stamina|boost
|-boost|p2a: Mudsdale2OU|def|1
|-activate|p2a: Mudsdale2OU|confusion
|-damage|p2a: Mudsdale2OU|58/100|[from] confusion
|
|-weather|RainDance|[upkeep]
|-heal|p2a: Mudsdale2OU|64/100|[from] item: Leftovers
|upkeep
|turn|4
|
|t:|1685846735
|move|p1a: Pelipper|Surf|p2a: Mudsdale2OU
|-supereffective|p2a: Mudsdale2OU
|-crit|p2a: Mudsdale2OU
|-damage|p2a: Mudsdale2OU|0 fnt
|faint|p2a: Mudsdale2OU
|
|-weather|RainDance|[upkeep]
|upkeep
|
|t:|1685846741
|switch|p2a: WHEN ITS GONE|Basculegion, M|100/100
|turn|5
|c|☆Ayudame1|what the mudsdale doin
|c|☆moope|his best
|c|☆Ayudame1|man thats based
|
|t:|1685846762
|switch|p1a: Clodsire|Clodsire, F|100/100
|-damage|p1a: Clodsire|94/100|[from] Stealth Rock
|move|p2a: WHEN ITS GONE|Phantom Force||[still]
|-prepare|p2a: WHEN ITS GONE|Phantom Force
|
|-weather|RainDance|[upkeep]
|-heal|p1a: Clodsire|100/100|[from] item: Leftovers
|upkeep
|turn|6
|c|☆moope|hes surprisingly really good
|
|t:|1685846776
|switch|p1a: Overqwil|Overqwil, M|100/100
|-damage|p1a: Overqwil|88/100|[from] Stealth Rock
|move|p2a: WHEN ITS GONE|Phantom Force|p1a: Overqwil|[from]lockedmove
|-resisted|p1a: Overqwil
|-damage|p1a: Overqwil|48/100
|
|-weather|RainDance|[upkeep]
|upkeep
|turn|7
|c|☆Ayudame1|on the rain team tho?
|c|☆moope|like there been so many time ive won cus they couldnt ohok him at like 8%
|c|☆moope|he just tanks alot
|inactive|moope has 120 seconds left.
|
|t:|1685846806
|move|p1a: Overqwil|Crunch|p2a: WHEN ITS GONE
|-supereffective|p2a: WHEN ITS GONE
|-damage|p2a: WHEN ITS GONE|0 fnt
|faint|p2a: WHEN ITS GONE
|
|-weather|RainDance|[upkeep]
|upkeep
|inactive|moope has 120 seconds left.
|c|☆Ayudame1|he got a little thickness
|
|t:|1685846816
|switch|p2a: MF GOKU|Urshifu-Rapid-Strike, M|100/100
|turn|8
|
|t:|1685846821
|switch|p1a: Clodsire|Clodsire, F|100/100
|-damage|p1a: Clodsire|94/100|[from] Stealth Rock
|move|p2a: MF GOKU|Close Combat|p1a: Clodsire
|-resisted|p1a: Clodsire
|-damage|p1a: Clodsire|61/100
|-unboost|p2a: MF GOKU|def|1
|-unboost|p2a: MF GOKU|spd|1
|
|-weather|RainDance|[upkeep]
|-heal|p1a: Clodsire|68/100|[from] item: Leftovers
|upkeep
|turn|9
|
|t:|1685846829
|switch|p2a: Corviknight|Corviknight, F|100/100
|-ability|p2a: Corviknight|Pressure
|move|p1a: Clodsire|Recover|p1a: Clodsire
|-heal|p1a: Clodsire|100/100
|
|-weather|none
|upkeep
|turn|10
|
|t:|1685846835
|move|p2a: Corviknight|U-turn|p1a: Clodsire
|-resisted|p1a: Clodsire
|-damage|p1a: Clodsire|93/100
|
|t:|1685846836
|switch|p2a: Chien-Pao|Chien-Pao|100/100|[from] U-turn
|-ability|p2a: Chien-Pao|Sword of Ruin
|move|p1a: Clodsire|Chilling Water|p2a: Chien-Pao
|-damage|p2a: Chien-Pao|90/100
|-unboost|p2a: Chien-Pao|atk|1
|
|-heal|p1a: Clodsire|99/100|[from] item: Leftovers
|upkeep
|turn|11
|
|t:|1685846844
|switch|p1a: Overqwil|Overqwil, M|48/100
|-damage|p1a: Overqwil|36/100|[from] Stealth Rock
|move|p2a: Chien-Pao|Icicle Crash|p1a: Overqwil
|-damage|p1a: Overqwil|0 fnt
|faint|p1a: Overqwil
|-damage|p2a: Chien-Pao|80/100|[from] item: Life Orb
|
|upkeep
|
|t:|1685846851
|switch|p1a: Corviknight|Corviknight, M|100/100
|-damage|p1a: Corviknight|88/100|[from] Stealth Rock
|-ability|p1a: Corviknight|Pressure
|turn|12
|
|t:|1685846867
|move|p2a: Chien-Pao|Icicle Crash|p1a: Corviknight
|-damage|p1a: Corviknight|59/100
|-damage|p2a: Chien-Pao|70/100|[from] item: Life Orb
|move|p1a: Corviknight|U-turn|p2a: Chien-Pao
|-supereffective|p2a: Chien-Pao
|-damage|p2a: Chien-Pao|27/100
|
|t:|1685846873
|switch|p1a: Pelipper|Pelipper, M|100/100|[from] U-turn
|-damage|p1a: Pelipper|76/100|[from] Stealth Rock
|-weather|RainDance|[from] ability: Drizzle|[of] p1a: Pelipper
|
|-weather|RainDance|[upkeep]
|upkeep
|turn|13
|
|t:|1685846882
|switch|p2a: Corviknight|Corviknight, F|100/100
|-ability|p2a: Corviknight|Pressure
|move|p1a: Pelipper|U-turn|p2a: Corviknight
|-resisted|p2a: Corviknight
|-crit|p2a: Corviknight
|-damage|p2a: Corviknight|99/100
|-damage|p1a: Pelipper|59/100|[from] item: Rocky Helmet|[of] p2a: Corviknight
|c|☆Ayudame1|LOL
|c|☆Ayudame1|critical hit 1%
|c|☆moope|LMAO
|
|t:|1685846901
|switch|p1a: Thundurus|Thundurus-Therian, M|100/100|[from] U-turn
|-damage|p1a: Thundurus|76/100|[from] Stealth Rock
|
|-weather|RainDance|[upkeep]
|upkeep
|turn|14
|c|☆moope|BIG CRIT OUT HERE
|
|t:|1685846913
|move|p1a: Thundurus|Thunder|p2a: Corviknight
|-supereffective|p2a: Corviknight
|-damage|p2a: Corviknight|0 fnt
|faint|p2a: Corviknight
|
|-weather|RainDance|[upkeep]
|upkeep
|
|t:|1685846920
|switch|p2a: Pelipper|Pelipper, F|100/100
|turn|15
|
|t:|1685846925
|switch|p1a: Clodsire|Clodsire, F|99/100
|-damage|p1a: Clodsire|93/100|[from] Stealth Rock
|move|p2a: Pelipper|Tailwind|p2a: Pelipper
|-sidestart|p2: moope|move: Tailwind
|
|-weather|RainDance|[upkeep]
|-heal|p1a: Clodsire|99/100|[from] item: Leftovers
|upkeep
|turn|16
|
|t:|1685846933
|move|p2a: Pelipper|U-turn|p1a: Clodsire
|-resisted|p1a: Clodsire
|-damage|p1a: Clodsire|95/100
|
|t:|1685846936
|switch|p2a: Chien-Pao|Chien-Pao|27/100|[from] U-turn
|-ability|p2a: Chien-Pao|Sword of Ruin
|move|p1a: Clodsire|Chilling Water|p2a: Chien-Pao
|-damage|p2a: Chien-Pao|13/100
|-unboost|p2a: Chien-Pao|atk|1
|
|-weather|RainDance|[upkeep]
|-heal|p1a: Clodsire|100/100|[from] item: Leftovers
|upkeep
|turn|17
|c|☆Ayudame1|o shit
|
|t:|1685846946
|-terastallize|p1a: Clodsire|Poison
|move|p2a: Chien-Pao|Icicle Crash|p1a: Clodsire
|-damage|p1a: Clodsire|46/100
|-damage|p2a: Chien-Pao|3/100|[from] item: Life Orb
|cant|p1a: Clodsire|flinch
|
|-weather|RainDance|[upkeep]
|-heal|p1a: Clodsire|52/100|[from] item: Leftovers
|upkeep
|turn|18
|c|☆moope|its okay i already fucked up cus i forgot overqwil outspeeds lmao
|
|t:|1685846967
|move|p2a: Chien-Pao|Icicle Crash|p1a: Clodsire
|-damage|p1a: Clodsire|0 fnt
|faint|p1a: Clodsire
|-damage|p2a: Chien-Pao|0 fnt|[from] item: Life Orb
|faint|p2a: Chien-Pao
|
|-weather|RainDance|[upkeep]
|-sideend|p2: moope|move: Tailwind
|upkeep
|c|☆Ayudame1|yeah thats a tough comeback
|
|t:|1685846980
|switch|p2a: Pelipper|Pelipper, F|100/100
|switch|p1a: Thundurus|Thundurus-Therian, M|76/100
|-damage|p1a: Thundurus|51/100|[from] Stealth Rock
|turn|19
|
|t:|1685846984
|move|p1a: Thundurus|Thunder|p2a: Pelipper
|-supereffective|p2a: Pelipper
|-damage|p2a: Pelipper|0 fnt
|faint|p2a: Pelipper
|
|-weather|none
|upkeep
|
|t:|1685846987
|switch|p2a: MF GOKU|Urshifu-Rapid-Strike, M|100/100
|turn|20
|
|t:|1685846991
|-terastallize|p2a: MF GOKU|Electric
|move|p1a: Thundurus|Thunder|p2a: MF GOKU
|-resisted|p2a: MF GOKU
|-damage|p2a: MF GOKU|53/100
|move|p2a: MF GOKU|Surging Strikes|p1a: Thundurus
|-crit|p1a: Thundurus
|-damage|p1a: Thundurus|19/100
|-crit|p1a: Thundurus
|-damage|p1a: Thundurus|0 fnt
|faint|p1a: Thundurus
|-hitcount|p1: Thundurus|2
|
|upkeep
|c|☆moope|welp gg
|
|t:|1685847003
|switch|p1a: Pelipper|Pelipper, M|59/100
|-damage|p1a: Pelipper|35/100|[from] Stealth Rock
|-weather|RainDance|[from] ability: Drizzle|[of] p1a: Pelipper
|turn|21
|c|☆Ayudame1|gg my dude
|
|t:|1685847008
|move|p2a: MF GOKU|Thunder Punch|p1a: Pelipper
|-supereffective|p1a: Pelipper
|-damage|p1a: Pelipper|0 fnt
|faint|p1a: Pelipper
|
|-weather|RainDance|[upkeep]
|upkeep
|
|t:|1685847013
|switch|p1a: Basculegion|Basculegion, M|100/100
|-damage|p1a: Basculegion|88/100|[from] Stealth Rock
|turn|22
|
|t:|1685847015
|move|p1a: Basculegion|Aqua Jet|p2a: MF GOKU
|-damage|p2a: MF GOKU|8/100
|move|p2a: MF GOKU|Thunder Punch|p1a: Basculegion
|-supereffective|p1a: Basculegion
|-damage|p1a: Basculegion|0 fnt
|faint|p1a: Basculegion
|
|-weather|RainDance|[upkeep]
|upkeep
|c|☆Ayudame1|HUH
|c|☆moope|wait
|c|☆Ayudame1|no way
|
|t:|1685847024
|switch|p1a: Corviknight|Corviknight, M|59/100
|-damage|p1a: Corviknight|46/100|[from] Stealth Rock
|-ability|p1a: Corviknight|Pressure
|turn|23
|c|☆moope|WAIT
|c|☆Ayudame1|I THREW
|c|☆moope|LMAOOO
|
|t:|1685847033
|move|p2a: MF GOKU|Thunder Punch|p1a: Corviknight
|-supereffective|p1a: Corviknight
|-damage|p1a: Corviknight|0 fnt
|-damage|p2a: MF GOKU|0 fnt|[from] item: Rocky Helmet|[of] p1a: Corviknight
|faint|p1a: Corviknight
|faint|p2a: MF GOKU
|
|win|moope
|raw|Ayudame1's rating: 1323 → 1301(-22 for losing)
|raw|moope's rating: 1296 → 1323(+27 for winning)
|c|☆moope|YOU ACUTALLY DID OMG
|c|☆moope|UNLUCKY
|c|☆Ayudame1|BRO
|c|☆Ayudame1|I WAS LIKE
|c|☆Ayudame1|DAMN
|l|☆Ayudame1
|c|☆moope|the bulk
