|j|☆DuxAeterna
|j|☆INTRCTV
|t:|1685848183
|gametype|singles
|player|p1|DuxAeterna|steven|1117
|player|p2|INTRCTV|2|1107
|teamsize|p1|6
|teamsize|p2|6
|gen|9
|tier|[Gen 9] OU
|rated|
|rule|Sleep Clause Mod: Limit one foe put to sleep
|rule|Species Clause: Limit one of each Pokémon
|rule|OHKO Clause: OHKO moves are banned
|rule|Evasion Items Clause: Evasion items are banned
|rule|Evasion Moves Clause: Evasion moves are banned
|rule|Endless Battle Clause: Forcing endless battles is banned
|rule|HP Percentage Mod: HP is shown in percentages
|clearpoke
|poke|p1|Enamorus, F|
|poke|p1|Urshifu-*, M|
|poke|p1|Lilligant-Hisui, F|
|poke|p1|Chien-Pao|
|poke|p1|Amoonguss, F|
|poke|p1|Heatran, F|
|poke|p2|Enamorus, F|
|poke|p2|Cinderace, F|
|poke|p2|Diancie|
|poke|p2|Ursaluna, F|
|poke|p2|Slowking, M|
|poke|p2|Ting-Lu|
|teampreview
|inactive|Battle timer is ON: inactive players will automatically lose when time's up. (requested by DuxAeterna)
|
|t:|1685848207
|start
|switch|p1a: Heatran|Heatran, F|100/100
|switch|p2a: Cinderace|Cinderace, F|100/100
|turn|1
|
|t:|1685848220
|move|p2a: Cinderace|U-turn|p1a: Heatran
|-start|p2a: Cinderace|typechange|Bug|[from] ability: Libero
|-resisted|p1a: Heatran
|-crit|p1a: Heatran
|-damage|p1a: Heatran|90/100
|
|t:|1685848221
|switch|p2a: Ting-Lu|Ting-Lu|100/100|[from] U-turn
|-ability|p2a: Ting-Lu|Vessel of Ruin
|move|p1a: Heatran|Earth Power|p2a: Ting-Lu
|-damage|p2a: Ting-Lu|86/100
|
|-heal|p1a: Heatran|96/100|[from] item: Leftovers
|-heal|p2a: Ting-Lu|92/100|[from] item: Leftovers
|upkeep
|turn|2
|
|t:|1685848228
|move|p1a: Heatran|Stealth Rock|p2a: Ting-Lu
|-sidestart|p2: INTRCTV|move: Stealth Rock
|move|p2a: Ting-Lu|Stealth Rock|p1a: Heatran
|-sidestart|p1: DuxAeterna|move: Stealth Rock
|
|-heal|p1a: Heatran|100/100|[from] item: Leftovers
|-heal|p2a: Ting-Lu|98/100|[from] item: Leftovers
|upkeep
|turn|3
|
|t:|1685848238
|switch|p1a: Amoonguss|Amoonguss, F|100/100
|-damage|p1a: Amoonguss|88/100|[from] Stealth Rock
|move|p2a: Ting-Lu|Ruination|p1a: Amoonguss
|-damage|p1a: Amoonguss|44/100
|
|-heal|p2a: Ting-Lu|100/100|[from] item: Leftovers
|-heal|p1a: Amoonguss|50/100|[from] item: Leftovers
|upkeep
|turn|4
|
|t:|1685848250
|move|p2a: Ting-Lu|Earthquake|p1a: Amoonguss
|-damage|p1a: Amoonguss|11/100
|move|p1a: Amoonguss|Leaf Storm|p2a: Ting-Lu|[miss]
|-miss|p1a: Amoonguss|p2a: Ting-Lu
|
|-heal|p1a: Amoonguss|17/100|[from] item: Leftovers
|upkeep
|turn|5
|
|t:|1685848255
|move|p2a: Ting-Lu|Earthquake|p1a: Amoonguss
|-damage|p1a: Amoonguss|0 fnt
|faint|p1a: Amoonguss
|
|upkeep
|
|t:|1685848266
|switch|p1a: Urshifu|Urshifu-Rapid-Strike, M|100/100
|-damage|p1a: Urshifu|94/100|[from] Stealth Rock
|turn|6
|
|t:|1685848274
|move|p1a: Urshifu|Trailblaze|p2a: Ting-Lu
|-supereffective|p2a: Ting-Lu
|-damage|p2a: Ting-Lu|80/100
|-boost|p1a: Urshifu|spe|1
|move|p2a: Ting-Lu|Whirlwind|p1a: Urshifu
|drag|p1a: Enamorus|Enamorus, F|100/100
|-damage|p1a: Enamorus|76/100|[from] Stealth Rock
|
|-heal|p2a: Ting-Lu|86/100|[from] item: Leftovers
|upkeep
|turn|7
|
|t:|1685848281
|switch|p2a: Slowking|Slowking, M|100/100
|-terastallize|p1a: Enamorus|Fighting
|move|p1a: Enamorus|Superpower|p2a: Slowking
|-resisted|p2a: Slowking
|-crit|p2a: Slowking
|-damage|p2a: Slowking|54/100
|-boost|p1a: Enamorus|atk|1
|-boost|p1a: Enamorus|def|1
|
|upkeep
|turn|8
|
|t:|1685848288
|move|p1a: Enamorus|Superpower|p2a: Slowking
|-resisted|p2a: Slowking
|-damage|p2a: Slowking|12/100
|-boost|p1a: Enamorus|atk|1
|-boost|p1a: Enamorus|def|1
|move|p2a: Slowking|Trick Room|p2a: Slowking
|-fieldstart|move: Trick Room|[of] p2a: Slowking
|
|upkeep
|turn|9
|
|t:|1685848297
|move|p2a: Slowking|Future Sight|p1a: Enamorus
|-start|p2a: Slowking|move: Future Sight
|move|p1a: Enamorus|Superpower|p2a: Slowking
|-resisted|p2a: Slowking
|-damage|p2a: Slowking|0 fnt
|-boost|p1a: Enamorus|atk|1
|-boost|p1a: Enamorus|def|1
|faint|p2a: Slowking
|
|upkeep
|
|t:|1685848300
|switch|p2a: Diancie|Diancie|100/100
|-damage|p2a: Diancie|88/100|[from] Stealth Rock
|turn|10
|
|t:|1685848311
|switch|p1a: Heatran|Heatran, F|100/100
|-damage|p1a: Heatran|88/100|[from] Stealth Rock
|move|p2a: Diancie|Draining Kiss|p1a: Heatran
|-resisted|p1a: Heatran
|-damage|p1a: Heatran|83/100
|-heal|p2a: Diancie|93/100|[from] drain|[of] p1a: Heatran
|
|-heal|p1a: Heatran|90/100|[from] item: Leftovers
|upkeep
|turn|11
|
|t:|1685848318
|move|p2a: Diancie|Diamond Storm|p1a: Heatran
|-damage|p1a: Heatran|61/100
|-boost|p2a: Diancie|def|2
|move|p1a: Heatran|Flash Cannon|p2a: Diancie
|-supereffective|p2a: Diancie
|-damage|p2a: Diancie|0 fnt
|faint|p2a: Diancie
|
|-end|p1a: Heatran|move: Future Sight
|-resisted|p1a: Heatran
|-damage|p1a: Heatran|45/100
|-heal|p1a: Heatran|51/100|[from] item: Leftovers
|upkeep
|
|t:|1685848322
|switch|p2a: Ursaluna|Ursaluna, F|100/100
|-damage|p2a: Ursaluna|94/100|[from] Stealth Rock
|turn|12
|
|t:|1685848328
|move|p2a: Ursaluna|Swords Dance|p2a: Ursaluna
|-boost|p2a: Ursaluna|atk|2
|move|p1a: Heatran|Fire Blast|p2a: Ursaluna
|-damage|p2a: Ursaluna|49/100
|
|-heal|p1a: Heatran|57/100|[from] item: Leftovers
|-fieldend|move: Trick Room
|-status|p2a: Ursaluna|brn|[from] item: Flame Orb
|upkeep
|turn|13
|
|t:|1685848333
|move|p1a: Heatran|Fire Blast|p2a: Ursaluna
|-damage|p2a: Ursaluna|0 fnt
|faint|p2a: Ursaluna
|
|-heal|p1a: Heatran|63/100|[from] item: Leftovers
|upkeep
|
|t:|1685848335
|switch|p2a: Enamorus|Enamorus, F|100/100
|-damage|p2a: Enamorus|75/100|[from] Stealth Rock
|turn|14
|
|t:|1685848344
|move|p2a: Enamorus|Substitute|p2a: Enamorus
|-start|p2a: Enamorus|Substitute
|-damage|p2a: Enamorus|50/100
|move|p1a: Heatran|Flash Cannon|p2a: Enamorus
|-supereffective|p2a: Enamorus
|-end|p2a: Enamorus|Substitute
|
|-heal|p2a: Enamorus|57/100|[from] item: Leftovers
|-heal|p1a: Heatran|70/100|[from] item: Leftovers
|upkeep
|turn|15
|
|t:|1685848346
|move|p2a: Enamorus|Earth Power|p1a: Heatran
|-supereffective|p1a: Heatran
|-damage|p1a: Heatran|0 fnt
|faint|p1a: Heatran
|
|-heal|p2a: Enamorus|63/100|[from] item: Leftovers
|upkeep
|
|t:|1685848353
|switch|p1a: Chien-Pao|Chien-Pao|100/100
|-damage|p1a: Chien-Pao|76/100|[from] Stealth Rock
|-ability|p1a: Chien-Pao|Sword of Ruin
|turn|16
|
|t:|1685848359
|-terastallize|p2a: Enamorus|Steel
|move|p1a: Chien-Pao|Ice Spinner|p2a: Enamorus
|-resisted|p2a: Enamorus
|-damage|p2a: Enamorus|15/100
|move|p2a: Enamorus|Superpower|p1a: Chien-Pao
|-supereffective|p1a: Chien-Pao
|-damage|p1a: Chien-Pao|0 fnt
|-boost|p2a: Enamorus|atk|1
|-boost|p2a: Enamorus|def|1
|faint|p1a: Chien-Pao
|
|-heal|p2a: Enamorus|21/100|[from] item: Leftovers
|upkeep
|
|t:|1685848369
|switch|p1a: Urshifu|Urshifu-Rapid-Strike, M|94/100
|-damage|p1a: Urshifu|88/100|[from] Stealth Rock
|turn|17
|
|t:|1685848374
|move|p2a: Enamorus|Moonblast|p1a: Urshifu
|-supereffective|p1a: Urshifu
|-damage|p1a: Urshifu|0 fnt
|faint|p1a: Urshifu
|
|-heal|p2a: Enamorus|27/100|[from] item: Leftovers
|upkeep
|
|t:|1685848377
|switch|p1a: Enamorus|Enamorus, F, tera:Fighting|76/100
|-damage|p1a: Enamorus|69/100|[from] Stealth Rock
|turn|18
|
|t:|1685848380
|move|p1a: Enamorus|Superpower|p2a: Enamorus
|-supereffective|p2a: Enamorus
|-damage|p2a: Enamorus|0 fnt
|-boost|p1a: Enamorus|atk|1
|-boost|p1a: Enamorus|def|1
|faint|p2a: Enamorus
|
|upkeep
|
|t:|1685848384
|switch|p2a: Ting-Lu|Ting-Lu|86/100
|-damage|p2a: Ting-Lu|80/100|[from] Stealth Rock
|-ability|p2a: Ting-Lu|Vessel of Ruin
|turn|19
|
|t:|1685848385
|move|p1a: Enamorus|Superpower|p2a: Ting-Lu
|-supereffective|p2a: Ting-Lu
|-damage|p2a: Ting-Lu|0 fnt
|-boost|p1a: Enamorus|atk|1
|-boost|p1a: Enamorus|def|1
|faint|p2a: Ting-Lu
|
|upkeep
|
|t:|1685848388
|switch|p2a: Cinderace|Cinderace, F|100/100
|-damage|p2a: Cinderace|76/100|[from] Stealth Rock
|turn|20
|
|t:|1685848390
|move|p2a: Cinderace|Pyro Ball|p1a: Enamorus
|-damage|p1a: Enamorus|22/100
|move|p1a: Enamorus|Superpower|p2a: Cinderace
|-damage|p2a: Cinderace|0 fnt
|-boost|p1a: Enamorus|atk|1
|-boost|p1a: Enamorus|def|1
|faint|p2a: Cinderace
|
|win|DuxAeterna
|raw|DuxAeterna's rating: 1117 → 1141(+24 for winning)
|raw|INTRCTV's rating: 1107 → 1083(-24 for losing)
|l|☆INTRCTV
