|j|☆InfinityValor
|j|☆Lulu93290
|t:|1685886237
|gametype|singles
|player|p1|InfinityValor|169|1124
|player|p2|Lulu93290|265|1217
|teamsize|p1|6
|teamsize|p2|6
|gen|9
|tier|[Gen 9] OU
|rated|
|rule|Sleep Clause Mod: Limit one foe put to sleep
|rule|Species Clause: Limit one of each Pokémon
|rule|OHKO Clause: OHKO moves are banned
|rule|Evasion Items Clause: Evasion items are banned
|rule|Evasion Moves Clause: Evasion moves are banned
|rule|Endless Battle Clause: Forcing endless battles is banned
|rule|HP Percentage Mod: HP is shown in percentages
|clearpoke
|poke|p1|Garchomp, M|
|poke|p1|Iron Jugulis|
|poke|p1|Iron Treads|
|poke|p1|Meowscarada, M|
|poke|p1|Gholdengo|
|poke|p1|Baxcalibur, M|
|poke|p2|Sneasler, F|
|poke|p2|Indeedee, M|
|poke|p2|Magearna|
|poke|p2|Chien-Pao|
|poke|p2|Iron Treads|
|poke|p2|Volcarona, M|
|teampreview
|inactive|Battle timer is ON: inactive players will automatically lose when time's up. (requested by InfinityValor)
|
|t:|1685886250
|start
|switch|p1a: Meowscarada|Meowscarada, M|100/100
|switch|p2a: Chien-Pao|Chien-Pao|100/100
|-ability|p2a: Chien-Pao|Sword of Ruin
|turn|1
|
|t:|1685886258
|move|p2a: Chien-Pao|Icicle Crash|p1a: Meowscarada
|-supereffective|p1a: Meowscarada
|-enditem|p1a: Meowscarada|Focus Sash
|-damage|p1a: Meowscarada|1/100
|move|p1a: Meowscarada|Aura Sphere|p2a: Chien-Pao
|-supereffective|p2a: Chien-Pao
|-enditem|p2a: Chien-Pao|Focus Sash
|-damage|p2a: Chien-Pao|1/100
|
|upkeep
|turn|2
|
|t:|1685886271
|move|p2a: Chien-Pao|Icicle Crash|p1a: Meowscarada
|-supereffective|p1a: Meowscarada
|-damage|p1a: Meowscarada|0 fnt
|faint|p1a: Meowscarada
|
|upkeep
|
|t:|1685886280
|switch|p1a: Baxcalibur|Baxcalibur, M|100/100
|turn|3
|
|t:|1685886286
|switch|p2a: Iron Treads|Iron Treads|100/100
|move|p1a: Baxcalibur|Ice Shard|p2a: Iron Treads
|-damage|p2a: Iron Treads|79/100
|
|upkeep
|turn|4
|inactive|InfinityValor has 120 seconds left.
|
|t:|1685886318
|switch|p1a: Garchomp|Garchomp, M|100/100
|move|p2a: Iron Treads|Stealth Rock|p1a: Garchomp
|-sidestart|p1: InfinityValor|move: Stealth Rock
|
|upkeep
|turn|5
|
|t:|1685886326
|move|p2a: Iron Treads|Earthquake|p1a: Garchomp
|-damage|p1a: Garchomp|50/100
|move|p1a: Garchomp|Stealth Rock|p2a: Iron Treads
|-sidestart|p2: Lulu93290|move: Stealth Rock
|
|upkeep
|turn|6
|
|t:|1685886333
|switch|p1a: Iron Jugulis|Iron Jugulis|100/100
|-enditem|p1a: Iron Jugulis|Booster Energy
|-activate|p1a: Iron Jugulis|ability: Quark Drive|[fromitem]
|-start|p1a: Iron Jugulis|quarkdrivespe
|-damage|p1a: Iron Jugulis|76/100|[from] Stealth Rock
|move|p2a: Iron Treads|Rapid Spin|p1a: Iron Jugulis
|-damage|p1a: Iron Jugulis|57/100
|-boost|p2a: Iron Treads|spe|1
|-sideend|p2: Lulu93290|Stealth Rock|[from] move: Rapid Spin|[of] p2a: Iron Treads
|
|upkeep
|turn|7
|
|t:|1685886343
|move|p1a: Iron Jugulis|Dark Pulse|p2a: Iron Treads
|-damage|p2a: Iron Treads|26/100
|move|p2a: Iron Treads|Iron Head|p1a: Iron Jugulis
|-damage|p1a: Iron Jugulis|14/100
|
|upkeep
|turn|8
|
|t:|1685886350
|move|p1a: Iron Jugulis|Dark Pulse|p2a: Iron Treads
|-damage|p2a: Iron Treads|0 fnt
|faint|p2a: Iron Treads
|-end|p2a: Iron Treads|Quark Drive|[silent]
|
|upkeep
|
|t:|1685886360
|switch|p2a: Indeedee|Indeedee, M|100/100
|-fieldstart|move: Psychic Terrain|[from] ability: Psychic Surge|[of] p2a: Indeedee
|turn|9
|
|t:|1685886376
|move|p1a: Iron Jugulis|Dark Pulse|p2a: Indeedee
|-supereffective|p2a: Indeedee
|-damage|p2a: Indeedee|0 fnt
|faint|p2a: Indeedee
|
|upkeep
|
|t:|1685886383
|switch|p2a: Sneasler|Sneasler, F|100/100
|-enditem|p2a: Sneasler|Psychic Seed
|-boost|p2a: Sneasler|spd|1|[from] item: Psychic Seed
|turn|10
|
|t:|1685886389
|move|p2a: Sneasler|Dire Claw|p1a: Iron Jugulis
|-damage|p1a: Iron Jugulis|0 fnt
|faint|p1a: Iron Jugulis
|-end|p1a: Iron Jugulis|Quark Drive|[silent]
|
|upkeep
|
|t:|1685886418
|switch|p1a: Garchomp|Garchomp, M|50/100
|-damage|p1a: Garchomp|44/100|[from] Stealth Rock
|turn|11
|
|t:|1685886423
|move|p2a: Sneasler|Close Combat|p1a: Garchomp
|-damage|p1a: Garchomp|0 fnt
|-unboost|p2a: Sneasler|def|1
|-unboost|p2a: Sneasler|spd|1
|-damage|p2a: Sneasler|88/100|[from] ability: Rough Skin|[of] p1a: Garchomp
|faint|p1a: Garchomp
|
|upkeep
|
|t:|1685886435
|switch|p1a: Gholdengo|Gholdengo|100/100
|-damage|p1a: Gholdengo|94/100|[from] Stealth Rock
|turn|12
|
|t:|1685886441
|switch|p2a: Volcarona|Volcarona, M|100/100
|move|p1a: Gholdengo|Shadow Ball|p2a: Volcarona
|-damage|p2a: Volcarona|57/100
|
|upkeep
|turn|13
|
|t:|1685886449
|switch|p1a: Baxcalibur|Baxcalibur, M|100/100
|-damage|p1a: Baxcalibur|76/100|[from] Stealth Rock
|move|p2a: Volcarona|Quiver Dance|p2a: Volcarona
|-boost|p2a: Volcarona|spa|1
|-boost|p2a: Volcarona|spd|1
|-boost|p2a: Volcarona|spe|1
|
|upkeep
|turn|14
|
|t:|1685886459
|move|p2a: Volcarona|Psychic|p1a: Baxcalibur
|-damage|p1a: Baxcalibur|12/100
|move|p1a: Baxcalibur|Glaive Rush|p2a: Volcarona
|-crit|p2a: Volcarona
|-damage|p2a: Volcarona|0 fnt
|-singlemove|p1a: Baxcalibur|Glaive Rush|[silent]
|faint|p2a: Volcarona
|
|upkeep
|
|t:|1685886468
|switch|p2a: Sneasler|Sneasler, F|88/100
|turn|15
|
|t:|1685886495
|move|p1a: Baxcalibur|Ice Shard|p2a: Sneasler
|-activate|p2a: Sneasler|move: Psychic Terrain
|move|p2a: Sneasler|Acrobatics|p1a: Baxcalibur
|-damage|p1a: Baxcalibur|0 fnt
|faint|p1a: Baxcalibur
|
|upkeep
|
|t:|1685886500
|switch|p1a: Gholdengo|Gholdengo|94/100
|-damage|p1a: Gholdengo|88/100|[from] Stealth Rock
|turn|16
|
|t:|1685886517
|move|p1a: Gholdengo|Shadow Ball|p2a: Sneasler
|-damage|p2a: Sneasler|29/100
|move|p2a: Sneasler|Acrobatics|p1a: Gholdengo
|-resisted|p1a: Gholdengo
|-damage|p1a: Gholdengo|63/100
|
|-fieldend|move: Psychic Terrain
|upkeep
|turn|17
|
|t:|1685886525
|move|p1a: Gholdengo|Shadow Ball|p2a: Sneasler
|-damage|p2a: Sneasler|0 fnt
|faint|p2a: Sneasler
|
|upkeep
|
|t:|1685886531
|switch|p2a: Magearna|Magearna|100/100
|turn|18
|
|t:|1685886536
|switch|p1a: Iron Treads|Iron Treads|100/100
|-enditem|p1a: Iron Treads|Booster Energy
|-activate|p1a: Iron Treads|ability: Quark Drive|[fromitem]
|-start|p1a: Iron Treads|quarkdrivespe
|-damage|p1a: Iron Treads|97/100|[from] Stealth Rock
|move|p2a: Magearna|Shift Gear|p2a: Magearna
|-boost|p2a: Magearna|spe|2
|-boost|p2a: Magearna|atk|1
|
|upkeep
|turn|19
|
|t:|1685886548
|-terastallize|p2a: Magearna|Water
|move|p1a: Iron Treads|Earthquake|p2a: Magearna
|-damage|p2a: Magearna|64/100
|move|p2a: Magearna|Calm Mind|p2a: Magearna
|-boost|p2a: Magearna|spa|1
|-boost|p2a: Magearna|spd|1
|
|-heal|p2a: Magearna|70/100|[from] item: Leftovers
|upkeep
|turn|20
|
|t:|1685886558
|move|p1a: Iron Treads|Iron Head|p2a: Magearna
|-resisted|p2a: Magearna
|-damage|p2a: Magearna|57/100
|move|p2a: Magearna|Shift Gear|p2a: Magearna
|-boost|p2a: Magearna|spe|2
|-boost|p2a: Magearna|atk|1
|
|-heal|p2a: Magearna|63/100|[from] item: Leftovers
|upkeep
|turn|21
|
|t:|1685886570
|move|p2a: Magearna|Tera Blast|p1a: Iron Treads
|-supereffective|p1a: Iron Treads
|-damage|p1a: Iron Treads|0 fnt
|faint|p1a: Iron Treads
|-ability|p2a: Magearna|Soul-Heart|boost
|-boost|p2a: Magearna|spa|1
|-end|p1a: Iron Treads|Quark Drive|[silent]
|
|-heal|p2a: Magearna|69/100|[from] item: Leftovers
|upkeep
|-message|InfinityValor forfeited.
|
|win|Lulu93290
|raw|InfinityValor's rating: 1124 → 1106(-18 for losing)
|raw|Lulu93290's rating: 1217 → 1235(+18 for winning)
|l|☆InfinityValor
