|j|☆pop cat pop cat
|j|☆Hafs
|t:|1685909544
|gametype|singles
|player|p1|pop cat pop cat|palmer|1259
|player|p2|Hafs|2|1338
|teamsize|p1|6
|teamsize|p2|6
|gen|9
|tier|[Gen 9] OU
|rated|
|rule|Sleep Clause Mod: Limit one foe put to sleep
|rule|Species Clause: Limit one of each Pokémon
|rule|OHKO Clause: OHKO moves are banned
|rule|Evasion Items Clause: Evasion items are banned
|rule|Evasion Moves Clause: Evasion moves are banned
|rule|Endless Battle Clause: Forcing endless battles is banned
|rule|HP Percentage Mod: HP is shown in percentages
|clearpoke
|poke|p1|Walking Wake|
|poke|p1|Torkoal, M|
|poke|p1|Lilligant-Hisui, F|
|poke|p1|Arcanine-Hisui, M|
|poke|p1|Hatterene, F|
|poke|p1|Great Tusk|
|poke|p2|Jolteon, M|
|poke|p2|Great Tusk|
|poke|p2|Grimmsnarl, M|
|poke|p2|Corviknight, F|
|poke|p2|Muk-Alola, F|
|poke|p2|Magearna|
|teampreview
|inactive|Battle timer is ON: inactive players will automatically lose when time's up. (requested by pop cat pop cat)
|inactive|Hafs also wants the timer to be on.
|
|t:|1685909569
|start
|switch|p1a: baked|Torkoal, M|100/100
|switch|p2a: Grimmsnarl|Grimmsnarl, M|100/100
|-weather|SunnyDay|[from] ability: Drought|[of] p1a: baked
|turn|1
|
|t:|1685909575
|move|p2a: Grimmsnarl|Taunt|p1a: baked
|-start|p1a: baked|move: Taunt
|cant|p1a: baked|move: Taunt|Stealth Rock
|
|-weather|SunnyDay|[upkeep]
|upkeep
|turn|2
|
|t:|1685909580
|move|p2a: Grimmsnarl|Light Screen|p2a: Grimmsnarl
|-sidestart|p2: Hafs|move: Light Screen
|move|p1a: baked|Lava Plume|p2a: Grimmsnarl
|-damage|p2a: Grimmsnarl|87/100
|
|-weather|SunnyDay|[upkeep]
|upkeep
|turn|3
|inactive|pop cat pop cat has 120 seconds left.
|
|t:|1685909623
|switch|p1a: cloud|Arcanine-Hisui, M|100/100
|move|p2a: Grimmsnarl|Reflect|p2a: Grimmsnarl
|-sidestart|p2: Hafs|Reflect
|
|-weather|SunnyDay|[upkeep]
|upkeep
|turn|4
|
|t:|1685909630
|move|p2a: Grimmsnarl|Parting Shot|p1a: cloud
|-unboost|p1a: cloud|atk|1
|-unboost|p1a: cloud|spa|1
|
|t:|1685909633
|switch|p2a: Great Tusk|Great Tusk|100/100|[from] Parting Shot
|-activate|p2a: Great Tusk|ability: Protosynthesis
|-start|p2a: Great Tusk|protosynthesisdef
|move|p1a: cloud|Head Smash|p2a: Great Tusk
|-resisted|p2a: Great Tusk
|-damage|p2a: Great Tusk|98/100
|-damage|p1a: cloud|91/100|[from] item: Life Orb
|
|-weather|SunnyDay|[upkeep]
|-heal|p2a: Great Tusk|100/100|[from] item: Leftovers
|upkeep
|turn|5
|inactive|pop cat pop cat has 120 seconds left.
|
|t:|1685909658
|switch|p1a: plug|Hatterene, F|100/100
|-item|p1a: plug|Air Balloon
|-end|p2a: Great Tusk|Protosynthesis|[silent]
|switch|p2a: Magearna|Magearna|100/100
|
|-weather|SunnyDay|[upkeep]
|upkeep
|turn|6
|
|t:|1685909664
|move|p2a: Magearna|Shift Gear|p2a: Magearna
|-boost|p2a: Magearna|spe|2
|-boost|p2a: Magearna|atk|1
|move|p1a: plug|Nuzzle|p2a: Magearna
|-damage|p2a: Magearna|99/100
|-status|p2a: Magearna|par
|
|-weather|SunnyDay|[upkeep]
|upkeep
|turn|7
|inactive|pop cat pop cat has 120 seconds left.
|
|t:|1685909679
|switch|p1a: baked|Torkoal, M|100/100
|move|p2a: Magearna|Shift Gear|p2a: Magearna
|-boost|p2a: Magearna|spe|2
|-boost|p2a: Magearna|atk|1
|
|-weather|SunnyDay|[upkeep]
|upkeep
|turn|8
|inactive|pop cat pop cat has 120 seconds left.
|
|t:|1685909686
|move|p2a: Magearna|Calm Mind|p2a: Magearna
|-boost|p2a: Magearna|spa|1
|-boost|p2a: Magearna|spd|1
|move|p1a: baked|Stealth Rock|p2a: Magearna
|-sidestart|p2: Hafs|move: Stealth Rock
|
|-weather|none
|upkeep
|turn|9
|inactive|pop cat pop cat has 120 seconds left.
|
|t:|1685909697
|cant|p2a: Magearna|par
|move|p1a: baked|Lava Plume|p2a: Magearna
|-supereffective|p2a: Magearna
|-damage|p2a: Magearna|86/100 par
|-enditem|p2a: Magearna|Weakness Policy
|-boost|p2a: Magearna|atk|2|[from] item: Weakness Policy
|-boost|p2a: Magearna|spa|2|[from] item: Weakness Policy
|
|-sideend|p2: Hafs|move: Light Screen
|upkeep
|turn|10
|
|t:|1685909701
|move|p2a: Magearna|Shift Gear|p2a: Magearna
|-boost|p2a: Magearna|spe|2
|-boost|p2a: Magearna|atk|1
|move|p1a: baked|Lava Plume|p2a: Magearna
|-supereffective|p2a: Magearna
|-damage|p2a: Magearna|60/100 par
|
|-sideend|p2: Hafs|Reflect
|upkeep
|turn|11
|
|t:|1685909709
|move|p2a: Magearna|Stored Power|p1a: baked
|-damage|p1a: baked|0 fnt
|faint|p1a: baked
|-ability|p2a: Magearna|Soul-Heart|boost
|-boost|p2a: Magearna|spa|1
|
|upkeep
|
|t:|1685909722
|switch|p1a: bong water|Walking Wake|100/100
|turn|12
|
|t:|1685909725
|-terastallize|p1a: bong water|Steel
|move|p2a: Magearna|Draining Kiss|p1a: bong water
|-resisted|p1a: bong water
|-damage|p1a: bong water|61/100
|-heal|p2a: Magearna|88/100 par|[from] drain|[of] p1a: bong water
|move|p1a: bong water|Flamethrower|p2a: Magearna
|-supereffective|p2a: Magearna
|-damage|p2a: Magearna|38/100 par
|
|upkeep
|turn|13
|
|t:|1685909739
|move|p2a: Magearna|Stored Power|p1a: bong water
|-resisted|p1a: bong water
|-damage|p1a: bong water|0 fnt
|faint|p1a: bong water
|-ability|p2a: Magearna|Soul-Heart|boost
|-boost|p2a: Magearna|spa|1
|-end|p1a: bong water|Protosynthesis|[silent]
|
|upkeep
|
|t:|1685909749
|switch|p1a: cloud|Arcanine-Hisui, M|91/100
|turn|14
|
|t:|1685909752
|move|p2a: Magearna|Stored Power|p1a: cloud
|-damage|p1a: cloud|0 fnt
|faint|p1a: cloud
|-ability|p2a: Magearna|Soul-Heart|boost
|-boost|p2a: Magearna|spa|1
|
|upkeep
|
|t:|1685909757
|switch|p1a: ganja|Lilligant-Hisui, F|100/100
|turn|15
|
|t:|1685909761
|move|p2a: Magearna|Draining Kiss|p1a: ganja
|-supereffective|p1a: ganja
|-damage|p1a: ganja|0 fnt
|-heal|p2a: Magearna|96/100 par|[from] drain|[of] p1a: ganja
|faint|p1a: ganja
|
|upkeep
|
|t:|1685909763
|switch|p1a: plug|Hatterene, F|100/100
|-item|p1a: plug|Air Balloon
|turn|16
|
|t:|1685909765
|cant|p2a: Magearna|par
|move|p1a: plug|Psychic|p2a: Magearna
|-resisted|p2a: Magearna
|-damage|p2a: Magearna|85/100 par
|
|upkeep
|turn|17
|
|t:|1685909767
|move|p2a: Magearna|Stored Power|p1a: plug
|-resisted|p1a: plug
|-damage|p1a: plug|0 fnt
|-enditem|p1a: plug|Air Balloon
|faint|p1a: plug
|
|upkeep
|
|t:|1685909769
|switch|p1a: narc|Great Tusk|100/100
|turn|18
|
|t:|1685909773
|-terastallize|p2a: Magearna|Ground
|move|p2a: Magearna|Draining Kiss|p1a: narc
|-supereffective|p1a: narc
|-damage|p1a: narc|0 fnt
|-heal|p2a: Magearna|100/100 par|[from] drain|[of] p1a: narc
|faint|p1a: narc
|-end|p1a: narc|Protosynthesis|[silent]
|
|win|Hafs
|raw|pop cat pop cat's rating: 1259 → 1240(-19 for losing)
|raw|Hafs's rating: 1338 → 1354(+16 for winning)
|l|☆Hafs
