|j|☆Darthzin
|j|☆DirtyDannnnnnnnn
|t:|1685826215
|gametype|singles
|player|p1|Darthzin|giovanni|1050
|player|p2|DirtyDannnnnnnnn|102|1127
|teamsize|p1|6
|teamsize|p2|6
|gen|9
|tier|[Gen 9] OU
|rated|
|rule|Sleep Clause Mod: Limit one foe put to sleep
|rule|Species Clause: Limit one of each Pokémon
|rule|OHKO Clause: OHKO moves are banned
|rule|Evasion Items Clause: Evasion items are banned
|rule|Evasion Moves Clause: Evasion moves are banned
|rule|Endless Battle Clause: Forcing endless battles is banned
|rule|HP Percentage Mod: HP is shown in percentages
|clearpoke
|poke|p1|Ceruledge, F|
|poke|p1|Rotom-Wash|
|poke|p1|Meowscarada, F|
|poke|p1|Kingambit, M|
|poke|p1|Magearna|
|poke|p1|Landorus-Therian, M|
|poke|p2|Inteleon, F|
|poke|p2|Garchomp, F|
|poke|p2|Hydreigon, M|
|poke|p2|Mew|
|poke|p2|Chien-Pao|
|poke|p2|Corviknight, F|
|teampreview
|
|t:|1685826223
|start
|switch|p1a: Landorus|Landorus-Therian, M|100/100
|switch|p2a: Hydreigon|Hydreigon, M|100/100
|-ability|p1a: Landorus|Intimidate|boost
|-unboost|p2a: Hydreigon|atk|1
|turn|1
|
|t:|1685826239
|switch|p2a: Garchomp|Garchomp, F|100/100
|move|p1a: Landorus|Stealth Rock|p2a: Garchomp
|-sidestart|p2: DirtyDannnnnnnnn|move: Stealth Rock
|
|upkeep
|turn|2
|
|t:|1685826249
|switch|p2a: Corviknight|Corviknight, F|100/100
|-damage|p2a: Corviknight|88/100|[from] Stealth Rock
|-ability|p2a: Corviknight|Pressure
|switch|p1a: Magearna|Magearna|100/100
|
|-heal|p2a: Corviknight|94/100|[from] item: Leftovers
|upkeep
|turn|3
|
|t:|1685826285
|switch|p1a: Meowscarada|Meowscarada, F|100/100
|move|p2a: Corviknight|Defog|p1a: Meowscarada
|-unboost|p1a: Meowscarada|evasion|1
|-sideend|p2: DirtyDannnnnnnnn|Stealth Rock|[from] move: Defog|[of] p2a: Corviknight
|
|-heal|p2a: Corviknight|100/100|[from] item: Leftovers
|upkeep
|turn|4
|
|t:|1685826315
|move|p1a: Meowscarada|Knock Off|p2a: Corviknight
|-start|p1a: Meowscarada|typechange|Dark|[from] ability: Protean
|-crit|p2a: Corviknight
|-damage|p2a: Corviknight|49/100
|-enditem|p2a: Corviknight|Leftovers|[from] move: Knock Off|[of] p1a: Meowscarada
|move|p2a: Corviknight|U-turn|p1a: Meowscarada
|-supereffective|p1a: Meowscarada
|-damage|p1a: Meowscarada|55/100
|
|t:|1685826333
|switch|p2a: Hydreigon|Hydreigon, M|100/100|[from] U-turn
|
|upkeep
|turn|5
|inactive|Battle timer is ON: inactive players will automatically lose when time's up. (requested by DirtyDannnnnnnnn)
|
|t:|1685826384
|switch|p1a: Magearna|Magearna|100/100
|move|p2a: Hydreigon|Flamethrower|p1a: Magearna
|-supereffective|p1a: Magearna
|-damage|p1a: Magearna|51/100
|
|upkeep
|turn|6
|
|t:|1685826396
|switch|p1a: Rotom|Rotom-Wash|100/100
|move|p2a: Hydreigon|Flamethrower|p1a: Rotom
|-resisted|p1a: Rotom
|-damage|p1a: Rotom|85/100
|
|upkeep
|turn|7
|
|t:|1685826416
|switch|p2a: Mew|Mew|100/100
|switch|p1a: Landorus|Landorus-Therian, M|100/100
|-ability|p1a: Landorus|Intimidate|boost
|-unboost|p2a: Mew|atk|1
|
|upkeep
|turn|8
|
|t:|1685826438
|move|p2a: Mew|Psychic|p1a: Landorus
|-damage|p1a: Landorus|63/100
|-unboost|p1a: Landorus|spd|1
|move|p1a: Landorus|Stealth Rock|p2a: Mew
|-sidestart|p2: DirtyDannnnnnnnn|move: Stealth Rock
|
|upkeep
|turn|9
|
|t:|1685826449
|move|p2a: Mew|Psychic|p1a: Landorus
|-damage|p1a: Landorus|10/100
|move|p1a: Landorus|U-turn|p2a: Mew
|-supereffective|p2a: Mew
|-damage|p2a: Mew|50/100
|
|t:|1685826462
|switch|p1a: Rotom|Rotom-Wash|85/100|[from] U-turn
|
|upkeep
|turn|10
|
|t:|1685826469
|move|p2a: Mew|Volt Switch|p1a: Rotom
|-damage|p1a: Rotom|64/100
|
|t:|1685826473
|switch|p2a: Garchomp|Garchomp, F|100/100|[from] Volt Switch
|-damage|p2a: Garchomp|94/100|[from] Stealth Rock
|move|p1a: Rotom|Thunderbolt|p2a: Garchomp
|-immune|p2a: Garchomp
|
|upkeep
|turn|11
|
|t:|1685826486
|switch|p1a: Magearna|Magearna|51/100
|move|p2a: Garchomp|Stealth Rock|p1a: Magearna
|-sidestart|p1: Darthzin|move: Stealth Rock
|
|upkeep
|turn|12
|
|t:|1685826500
|move|p2a: Garchomp|Poison Jab|p1a: Magearna
|-immune|p1a: Magearna
|move|p1a: Magearna|Dazzling Gleam|p2a: Garchomp
|-supereffective|p2a: Garchomp
|-crit|p2a: Garchomp
|-damage|p2a: Garchomp|0 fnt
|faint|p2a: Garchomp
|-ability|p1a: Magearna|Soul-Heart|boost
|-boost|p1a: Magearna|spa|1
|
|upkeep
|
|t:|1685826513
|switch|p2a: Hydreigon|Hydreigon, M|100/100
|-damage|p2a: Hydreigon|88/100|[from] Stealth Rock
|turn|13
|
|t:|1685826518
|move|p2a: Hydreigon|Flamethrower|p1a: Magearna
|-supereffective|p1a: Magearna
|-damage|p1a: Magearna|2/100
|-enditem|p1a: Magearna|Sitrus Berry|[eat]
|-heal|p1a: Magearna|27/100|[from] item: Sitrus Berry
|move|p1a: Magearna|Draining Kiss|p2a: Hydreigon
|-supereffective|p2a: Hydreigon
|-damage|p2a: Hydreigon|0 fnt
|-heal|p1a: Magearna|86/100|[from] drain|[of] p2a: Hydreigon
|faint|p2a: Hydreigon
|-ability|p1a: Magearna|Soul-Heart|boost
|-boost|p1a: Magearna|spa|1
|
|upkeep
|
|t:|1685826534
|switch|p2a: Corviknight|Corviknight, F|49/100
|-damage|p2a: Corviknight|36/100|[from] Stealth Rock
|-ability|p2a: Corviknight|Pressure
|turn|14
|
|t:|1685826541
|move|p2a: Corviknight|Brave Bird|p1a: Magearna
|-resisted|p1a: Magearna
|-damage|p1a: Magearna|70/100
|-damage|p2a: Corviknight|31/100|[from] Recoil
|move|p1a: Magearna|Aura Sphere|p2a: Corviknight
|-damage|p2a: Corviknight|0 fnt
|faint|p2a: Corviknight
|-ability|p1a: Magearna|Soul-Heart|boost
|-boost|p1a: Magearna|spa|1
|
|upkeep
|
|t:|1685826550
|switch|p2a: Chien-Pao|Chien-Pao|100/100
|-damage|p2a: Chien-Pao|76/100|[from] Stealth Rock
|-ability|p2a: Chien-Pao|Sword of Ruin
|turn|15
|
|t:|1685826557
|-terastallize|p2a: Chien-Pao|Fighting
|move|p2a: Chien-Pao|Sacred Sword|p1a: Magearna
|-damage|p1a: Magearna|20/100
|move|p1a: Magearna|Dazzling Gleam|p2a: Chien-Pao
|-supereffective|p2a: Chien-Pao
|-damage|p2a: Chien-Pao|0 fnt
|faint|p2a: Chien-Pao
|-ability|p1a: Magearna|Soul-Heart|boost
|-boost|p1a: Magearna|spa|1
|
|upkeep
|
|t:|1685826564
|switch|p2a: Inteleon|Inteleon, F|100/100
|-damage|p2a: Inteleon|88/100|[from] Stealth Rock
|turn|16
|
|t:|1685826571
|switch|p1a: Rotom|Rotom-Wash|64/100
|-damage|p1a: Rotom|52/100|[from] Stealth Rock
|move|p2a: Inteleon|Snipe Shot|p1a: Rotom
|-resisted|p1a: Rotom
|-crit|p1a: Rotom
|-damage|p1a: Rotom|10/100
|
|upkeep
|turn|17
|
|t:|1685826579
|move|p2a: Inteleon|Snipe Shot|p1a: Rotom
|-resisted|p1a: Rotom
|-crit|p1a: Rotom
|-damage|p1a: Rotom|0 fnt
|faint|p1a: Rotom
|
|upkeep
|
|t:|1685826586
|switch|p1a: Meowscarada|Meowscarada, F|55/100
|-damage|p1a: Meowscarada|42/100|[from] Stealth Rock
|turn|18
|
|t:|1685826592
|switch|p2a: Mew|Mew|50/100
|-damage|p2a: Mew|37/100|[from] Stealth Rock
|move|p1a: Meowscarada|Flower Trick|p2a: Mew
|-start|p1a: Meowscarada|typechange|Grass|[from] ability: Protean
|-crit|p2a: Mew
|-damage|p2a: Mew|0 fnt
|faint|p2a: Mew
|
|upkeep
|
|t:|1685826599
|switch|p2a: Inteleon|Inteleon, F|88/100
|-damage|p2a: Inteleon|76/100|[from] Stealth Rock
|turn|19
|
|t:|1685826609
|move|p1a: Meowscarada|Flower Trick|p2a: Inteleon
|-supereffective|p2a: Inteleon
|-crit|p2a: Inteleon
|-damage|p2a: Inteleon|0 fnt
|faint|p2a: Inteleon
|
|win|Darthzin
|raw|Darthzin's rating: 1050 → 1090(+40 for winning)
|raw|DirtyDannnnnnnnn's rating: 1127 → 1097(-30 for losing)
|l|☆DirtyDannnnnnnnn
