|j|☆deadshot9
|j|☆adachifan9003
|t:|1685853412
|gametype|singles
|player|p1|deadshot9|lucas|1064
|player|p2|adachifan9003|linebacker|1133
|teamsize|p1|6
|teamsize|p2|6
|gen|9
|tier|[Gen 9] OU
|rated|
|rule|Sleep Clause Mod: Limit one foe put to sleep
|rule|Species Clause: Limit one of each Pokémon
|rule|OHKO Clause: OHKO moves are banned
|rule|Evasion Items Clause: Evasion items are banned
|rule|Evasion Moves Clause: Evasion moves are banned
|rule|Endless Battle Clause: Forcing endless battles is banned
|rule|HP Percentage Mod: HP is shown in percentages
|clearpoke
|poke|p1|Lycanroc-Dusk, M|
|poke|p1|Dragonite, F|
|poke|p1|Ceruledge, M|
|poke|p1|Great Tusk|
|poke|p1|Clodsire, M|
|poke|p1|Inteleon, F|
|poke|p2|Magearna|
|poke|p2|Zamazenta-*|
|poke|p2|Chien-Pao|
|poke|p2|Sneasler, M|
|poke|p2|Iron Treads|
|poke|p2|Azelf|
|teampreview
|
|t:|1685853427
|start
|switch|p1a: Great Tusk|Great Tusk|100/100
|switch|p2a: Zamazenta|Zamazenta|100/100
|-ability|p2a: Zamazenta|Dauntless Shield|boost
|-boost|p2a: Zamazenta|def|1
|-enditem|p1a: Great Tusk|Booster Energy
|-activate|p1a: Great Tusk|ability: Protosynthesis|[fromitem]
|-start|p1a: Great Tusk|protosynthesisatk
|turn|1
|
|t:|1685853445
|move|p2a: Zamazenta|Iron Defense|p2a: Zamazenta
|-boost|p2a: Zamazenta|def|2
|move|p1a: Great Tusk|Stealth Rock|p2a: Zamazenta
|-sidestart|p2: adachifan9003|move: Stealth Rock
|
|upkeep
|turn|2
|
|t:|1685853455
|-end|p1a: Great Tusk|Protosynthesis|[silent]
|switch|p1a: Ceruledge|Ceruledge, M|100/100
|move|p2a: Zamazenta|Substitute|p2a: Zamazenta
|-start|p2a: Zamazenta|Substitute
|-damage|p2a: Zamazenta|75/100
|
|-heal|p2a: Zamazenta|82/100|[from] item: Leftovers
|upkeep
|turn|3
|
|t:|1685853460
|move|p2a: Zamazenta|Heavy Slam|p1a: Ceruledge
|-resisted|p1a: Ceruledge
|-damage|p1a: Ceruledge|85/100
|move|p1a: Ceruledge|Bitter Blade|p2a: Zamazenta
|-activate|p2a: Zamazenta|move: Substitute|[damage]
|-heal|p1a: Ceruledge|95/100|[from] drain|[of] p2a: Zamazenta
|
|-heal|p2a: Zamazenta|88/100|[from] item: Leftovers
|-heal|p1a: Ceruledge|100/100|[from] item: Leftovers
|upkeep
|turn|4
|
|t:|1685853482
|move|p2a: Zamazenta|Iron Defense|p2a: Zamazenta
|-boost|p2a: Zamazenta|def|2
|move|p1a: Ceruledge|Bitter Blade|p2a: Zamazenta
|-end|p2a: Zamazenta|Substitute
|
|-heal|p2a: Zamazenta|94/100|[from] item: Leftovers
|upkeep
|turn|5
|
|t:|1685853506
|move|p2a: Zamazenta|Heavy Slam|p1a: Ceruledge
|-resisted|p1a: Ceruledge
|-damage|p1a: Ceruledge|86/100
|move|p1a: Ceruledge|Bitter Blade|p2a: Zamazenta
|-damage|p2a: Zamazenta|84/100
|-heal|p1a: Ceruledge|93/100|[from] drain|[of] p2a: Zamazenta
|
|-heal|p2a: Zamazenta|90/100|[from] item: Leftovers
|-heal|p1a: Ceruledge|99/100|[from] item: Leftovers
|upkeep
|turn|6
|
|t:|1685853523
|move|p2a: Zamazenta|Substitute|p2a: Zamazenta
|-start|p2a: Zamazenta|Substitute
|-damage|p2a: Zamazenta|65/100
|move|p1a: Ceruledge|Bitter Blade|p2a: Zamazenta
|-activate|p2a: Zamazenta|move: Substitute|[damage]
|-heal|p1a: Ceruledge|100/100|[from] drain|[of] p2a: Zamazenta
|
|-heal|p2a: Zamazenta|71/100|[from] item: Leftovers
|upkeep
|turn|7
|
|t:|1685853530
|switch|p1a: Inteleon|Inteleon, F|100/100
|move|p2a: Zamazenta|Iron Defense|p2a: Zamazenta
|-boost|p2a: Zamazenta|def|1
|
|-heal|p2a: Zamazenta|78/100|[from] item: Leftovers
|upkeep
|turn|8
|
|t:|1685853534
|move|p1a: Inteleon|Snipe Shot|p2a: Zamazenta
|-end|p2a: Zamazenta|Substitute
|move|p2a: Zamazenta|Body Press|p1a: Inteleon
|-crit|p1a: Inteleon
|-damage|p1a: Inteleon|0 fnt
|faint|p1a: Inteleon
|
|-heal|p2a: Zamazenta|84/100|[from] item: Leftovers
|upkeep
|
|t:|1685853550
|switch|p1a: Ceruledge|Ceruledge, M|100/100
|turn|9
|
|t:|1685853557
|move|p2a: Zamazenta|Substitute|p2a: Zamazenta
|-start|p2a: Zamazenta|Substitute
|-damage|p2a: Zamazenta|59/100
|move|p1a: Ceruledge|Shadow Claw|p2a: Zamazenta
|-crit|p2a: Zamazenta
|-end|p2a: Zamazenta|Substitute
|
|-heal|p2a: Zamazenta|65/100|[from] item: Leftovers
|upkeep
|turn|10
|
|t:|1685853562
|move|p2a: Zamazenta|Substitute|p2a: Zamazenta
|-start|p2a: Zamazenta|Substitute
|-damage|p2a: Zamazenta|40/100
|move|p1a: Ceruledge|Shadow Claw|p2a: Zamazenta
|-activate|p2a: Zamazenta|move: Substitute|[damage]
|
|-heal|p2a: Zamazenta|46/100|[from] item: Leftovers
|upkeep
|turn|11
|
|t:|1685853565
|move|p2a: Zamazenta|Heavy Slam|p1a: Ceruledge
|-resisted|p1a: Ceruledge
|-damage|p1a: Ceruledge|85/100
|move|p1a: Ceruledge|Shadow Claw|p2a: Zamazenta
|-activate|p2a: Zamazenta|move: Substitute|[damage]
|
|-heal|p2a: Zamazenta|52/100|[from] item: Leftovers
|-heal|p1a: Ceruledge|91/100|[from] item: Leftovers
|upkeep
|turn|12
|
|t:|1685853568
|move|p2a: Zamazenta|Heavy Slam|p1a: Ceruledge
|-resisted|p1a: Ceruledge
|-damage|p1a: Ceruledge|77/100
|move|p1a: Ceruledge|Shadow Claw|p2a: Zamazenta
|-activate|p2a: Zamazenta|move: Substitute|[damage]
|
|-heal|p2a: Zamazenta|58/100|[from] item: Leftovers
|-heal|p1a: Ceruledge|83/100|[from] item: Leftovers
|upkeep
|turn|13
|
|t:|1685853571
|move|p2a: Zamazenta|Heavy Slam|p1a: Ceruledge
|-resisted|p1a: Ceruledge
|-damage|p1a: Ceruledge|68/100
|move|p1a: Ceruledge|Shadow Claw|p2a: Zamazenta
|-end|p2a: Zamazenta|Substitute
|
|-heal|p2a: Zamazenta|65/100|[from] item: Leftovers
|-heal|p1a: Ceruledge|74/100|[from] item: Leftovers
|upkeep
|turn|14
|
|t:|1685853574
|move|p2a: Zamazenta|Substitute|p2a: Zamazenta
|-start|p2a: Zamazenta|Substitute
|-damage|p2a: Zamazenta|40/100
|move|p1a: Ceruledge|Shadow Claw|p2a: Zamazenta
|-activate|p2a: Zamazenta|move: Substitute|[damage]
|
|-heal|p2a: Zamazenta|46/100|[from] item: Leftovers
|-heal|p1a: Ceruledge|80/100|[from] item: Leftovers
|upkeep
|turn|15
|
|t:|1685853576
|move|p2a: Zamazenta|Heavy Slam|p1a: Ceruledge
|-resisted|p1a: Ceruledge
|-damage|p1a: Ceruledge|64/100
|move|p1a: Ceruledge|Shadow Claw|p2a: Zamazenta
|-activate|p2a: Zamazenta|move: Substitute|[damage]
|
|-heal|p2a: Zamazenta|52/100|[from] item: Leftovers
|-heal|p1a: Ceruledge|70/100|[from] item: Leftovers
|upkeep
|turn|16
|
|t:|1685853579
|move|p2a: Zamazenta|Heavy Slam|p1a: Ceruledge
|-resisted|p1a: Ceruledge
|-damage|p1a: Ceruledge|55/100
|move|p1a: Ceruledge|Shadow Claw|p2a: Zamazenta
|-activate|p2a: Zamazenta|move: Substitute|[damage]
|
|-heal|p2a: Zamazenta|58/100|[from] item: Leftovers
|-heal|p1a: Ceruledge|61/100|[from] item: Leftovers
|upkeep
|turn|17
|c|☆adachifan9003|smogon loves stall
|
|t:|1685853585
|move|p2a: Zamazenta|Heavy Slam|p1a: Ceruledge
|-resisted|p1a: Ceruledge
|-damage|p1a: Ceruledge|46/100
|move|p1a: Ceruledge|Shadow Claw|p2a: Zamazenta
|-end|p2a: Zamazenta|Substitute
|
|-heal|p2a: Zamazenta|64/100|[from] item: Leftovers
|-heal|p1a: Ceruledge|52/100|[from] item: Leftovers
|upkeep
|turn|18
|
|t:|1685853589
|move|p2a: Zamazenta|Substitute|p2a: Zamazenta
|-start|p2a: Zamazenta|Substitute
|-damage|p2a: Zamazenta|39/100
|move|p1a: Ceruledge|Shadow Claw|p2a: Zamazenta
|-activate|p2a: Zamazenta|move: Substitute|[damage]
|
|-heal|p2a: Zamazenta|46/100|[from] item: Leftovers
|-heal|p1a: Ceruledge|59/100|[from] item: Leftovers
|upkeep
|turn|19
|
|t:|1685853599
|move|p2a: Zamazenta|Heavy Slam|p1a: Ceruledge
|-resisted|p1a: Ceruledge
|-damage|p1a: Ceruledge|42/100
|move|p1a: Ceruledge|X-Scissor|p2a: Zamazenta
|-resisted|p2a: Zamazenta
|-activate|p2a: Zamazenta|move: Substitute|[damage]
|
|-heal|p2a: Zamazenta|52/100|[from] item: Leftovers
|-heal|p1a: Ceruledge|49/100|[from] item: Leftovers
|upkeep
|turn|20
|
|t:|1685853602
|move|p2a: Zamazenta|Heavy Slam|p1a: Ceruledge
|-resisted|p1a: Ceruledge
|-damage|p1a: Ceruledge|33/100
|move|p1a: Ceruledge|X-Scissor|p2a: Zamazenta
|-resisted|p2a: Zamazenta
|-activate|p2a: Zamazenta|move: Substitute|[damage]
|
|-heal|p2a: Zamazenta|58/100|[from] item: Leftovers
|-heal|p1a: Ceruledge|39/100|[from] item: Leftovers
|upkeep
|turn|21
|
|t:|1685853605
|move|p2a: Zamazenta|Heavy Slam|p1a: Ceruledge
|-resisted|p1a: Ceruledge
|-damage|p1a: Ceruledge|24/100
|move|p1a: Ceruledge|Bitter Blade|p2a: Zamazenta
|-activate|p2a: Zamazenta|move: Substitute|[damage]
|-heal|p1a: Ceruledge|30/100|[from] drain|[of] p2a: Zamazenta
|
|-heal|p2a: Zamazenta|64/100|[from] item: Leftovers
|-heal|p1a: Ceruledge|36/100|[from] item: Leftovers
|upkeep
|turn|22
|
|t:|1685853607
|move|p2a: Zamazenta|Heavy Slam|p1a: Ceruledge
|-resisted|p1a: Ceruledge
|-damage|p1a: Ceruledge|22/100
|move|p1a: Ceruledge|Bitter Blade|p2a: Zamazenta
|-end|p2a: Zamazenta|Substitute
|-heal|p1a: Ceruledge|24/100|[from] drain|[of] p2a: Zamazenta
|
|-heal|p2a: Zamazenta|70/100|[from] item: Leftovers
|-heal|p1a: Ceruledge|30/100|[from] item: Leftovers
|upkeep
|turn|23
|
|t:|1685853616
|move|p2a: Zamazenta|Heavy Slam|p1a: Ceruledge
|-resisted|p1a: Ceruledge
|-damage|p1a: Ceruledge|15/100
|move|p1a: Ceruledge|Bitter Blade|p2a: Zamazenta
|-damage|p2a: Zamazenta|62/100
|-heal|p1a: Ceruledge|21/100|[from] drain|[of] p2a: Zamazenta
|
|-heal|p2a: Zamazenta|68/100|[from] item: Leftovers
|-heal|p1a: Ceruledge|27/100|[from] item: Leftovers
|upkeep
|turn|24
|
|t:|1685853620
|move|p2a: Zamazenta|Heavy Slam|p1a: Ceruledge
|-resisted|p1a: Ceruledge
|-damage|p1a: Ceruledge|13/100
|move|p1a: Ceruledge|Bitter Blade|p2a: Zamazenta
|-damage|p2a: Zamazenta|58/100
|-heal|p1a: Ceruledge|19/100|[from] drain|[of] p2a: Zamazenta
|
|-heal|p2a: Zamazenta|64/100|[from] item: Leftovers
|-heal|p1a: Ceruledge|26/100|[from] item: Leftovers
|upkeep
|turn|25
|
|t:|1685853627
|move|p2a: Zamazenta|Substitute|p2a: Zamazenta
|-start|p2a: Zamazenta|Substitute
|-damage|p2a: Zamazenta|39/100
|move|p1a: Ceruledge|Bitter Blade|p2a: Zamazenta
|-activate|p2a: Zamazenta|move: Substitute|[damage]
|-heal|p1a: Ceruledge|31/100|[from] drain|[of] p2a: Zamazenta
|
|-heal|p2a: Zamazenta|45/100|[from] item: Leftovers
|-heal|p1a: Ceruledge|38/100|[from] item: Leftovers
|upkeep
|turn|26
|
|t:|1685853632
|move|p2a: Zamazenta|Iron Defense|p2a: Zamazenta
|-boost|p2a: Zamazenta|def|0
|move|p1a: Ceruledge|Bitter Blade|p2a: Zamazenta
|-activate|p2a: Zamazenta|move: Substitute|[damage]
|-heal|p1a: Ceruledge|43/100|[from] drain|[of] p2a: Zamazenta
|
|-heal|p2a: Zamazenta|52/100|[from] item: Leftovers
|-heal|p1a: Ceruledge|50/100|[from] item: Leftovers
|upkeep
|turn|27
|
|t:|1685853636
|move|p2a: Zamazenta|Iron Defense|p2a: Zamazenta
|-boost|p2a: Zamazenta|def|0
|move|p1a: Ceruledge|Bitter Blade|p2a: Zamazenta
|-end|p2a: Zamazenta|Substitute
|-heal|p1a: Ceruledge|55/100|[from] drain|[of] p2a: Zamazenta
|
|-heal|p2a: Zamazenta|58/100|[from] item: Leftovers
|-heal|p1a: Ceruledge|61/100|[from] item: Leftovers
|upkeep
|turn|28
|
|t:|1685853639
|move|p2a: Zamazenta|Substitute|p2a: Zamazenta
|-start|p2a: Zamazenta|Substitute
|-damage|p2a: Zamazenta|33/100
|move|p1a: Ceruledge|Bitter Blade|p2a: Zamazenta
|-activate|p2a: Zamazenta|move: Substitute|[damage]
|-heal|p1a: Ceruledge|68/100|[from] drain|[of] p2a: Zamazenta
|
|-heal|p2a: Zamazenta|39/100|[from] item: Leftovers
|-heal|p1a: Ceruledge|74/100|[from] item: Leftovers
|upkeep
|turn|29
|
|t:|1685853642
|move|p2a: Zamazenta|Iron Defense|p2a: Zamazenta
|-boost|p2a: Zamazenta|def|0
|move|p1a: Ceruledge|Bitter Blade|p2a: Zamazenta
|-activate|p2a: Zamazenta|move: Substitute|[damage]
|-heal|p1a: Ceruledge|80/100|[from] drain|[of] p2a: Zamazenta
|
|-heal|p2a: Zamazenta|45/100|[from] item: Leftovers
|-heal|p1a: Ceruledge|86/100|[from] item: Leftovers
|upkeep
|turn|30
|
|t:|1685853644
|move|p2a: Zamazenta|Iron Defense|p2a: Zamazenta
|-boost|p2a: Zamazenta|def|0
|move|p1a: Ceruledge|Bitter Blade|p2a: Zamazenta
|-end|p2a: Zamazenta|Substitute
|-heal|p1a: Ceruledge|91/100|[from] drain|[of] p2a: Zamazenta
|
|-heal|p2a: Zamazenta|51/100|[from] item: Leftovers
|-heal|p1a: Ceruledge|97/100|[from] item: Leftovers
|upkeep
|turn|31
|
|t:|1685853647
|move|p2a: Zamazenta|Substitute|p2a: Zamazenta
|-start|p2a: Zamazenta|Substitute
|-damage|p2a: Zamazenta|26/100
|move|p1a: Ceruledge|Bitter Blade|p2a: Zamazenta
|-activate|p2a: Zamazenta|move: Substitute|[damage]
|-heal|p1a: Ceruledge|100/100|[from] drain|[of] p2a: Zamazenta
|
|-heal|p2a: Zamazenta|32/100|[from] item: Leftovers
|upkeep
|turn|32
|
|t:|1685853650
|move|p2a: Zamazenta|Iron Defense|p2a: Zamazenta
|-boost|p2a: Zamazenta|def|0
|move|p1a: Ceruledge|Shadow Claw|p2a: Zamazenta
|-activate|p2a: Zamazenta|move: Substitute|[damage]
|
|-heal|p2a: Zamazenta|39/100|[from] item: Leftovers
|upkeep
|turn|33
|
|t:|1685853652
|move|p2a: Zamazenta|Iron Defense|p2a: Zamazenta
|-boost|p2a: Zamazenta|def|0
|move|p1a: Ceruledge|Shadow Claw|p2a: Zamazenta
|-activate|p2a: Zamazenta|move: Substitute|[damage]
|
|-heal|p2a: Zamazenta|45/100|[from] item: Leftovers
|upkeep
|turn|34
|
|t:|1685853655
|move|p2a: Zamazenta|Iron Defense|p2a: Zamazenta
|-boost|p2a: Zamazenta|def|0
|move|p1a: Ceruledge|Shadow Claw|p2a: Zamazenta
|-crit|p2a: Zamazenta
|-end|p2a: Zamazenta|Substitute
|
|-heal|p2a: Zamazenta|51/100|[from] item: Leftovers
|upkeep
|turn|35
|
|t:|1685853657
|move|p2a: Zamazenta|Substitute|p2a: Zamazenta
|-start|p2a: Zamazenta|Substitute
|-damage|p2a: Zamazenta|26/100
|move|p1a: Ceruledge|Shadow Claw|p2a: Zamazenta
|-activate|p2a: Zamazenta|move: Substitute|[damage]
|
|-heal|p2a: Zamazenta|32/100|[from] item: Leftovers
|upkeep
|turn|36
|
|t:|1685853661
|move|p2a: Zamazenta|Iron Defense|p2a: Zamazenta
|-boost|p2a: Zamazenta|def|0
|move|p1a: Ceruledge|Shadow Claw|p2a: Zamazenta
|-activate|p2a: Zamazenta|move: Substitute|[damage]
|
|-heal|p2a: Zamazenta|38/100|[from] item: Leftovers
|upkeep
|turn|37
|
|t:|1685853671
|move|p2a: Zamazenta|Body Press|p1a: Ceruledge
|-immune|p1a: Ceruledge
|move|p1a: Ceruledge|Shadow Claw|p2a: Zamazenta
|-activate|p2a: Zamazenta|move: Substitute|[damage]
|
|-heal|p2a: Zamazenta|45/100|[from] item: Leftovers
|upkeep
|turn|38
|
|t:|1685853681
|move|p2a: Zamazenta|Iron Defense|p2a: Zamazenta
|-boost|p2a: Zamazenta|def|0
|move|p1a: Ceruledge|Shadow Claw|p2a: Zamazenta
|-end|p2a: Zamazenta|Substitute
|
|-heal|p2a: Zamazenta|51/100|[from] item: Leftovers
|upkeep
|turn|39
|
|t:|1685853687
|move|p2a: Zamazenta|Substitute|p2a: Zamazenta
|-start|p2a: Zamazenta|Substitute
|-damage|p2a: Zamazenta|26/100
|move|p1a: Ceruledge|Shadow Claw|p2a: Zamazenta
|-activate|p2a: Zamazenta|move: Substitute|[damage]
|
|-heal|p2a: Zamazenta|32/100|[from] item: Leftovers
|upkeep
|turn|40
|
|t:|1685853694
|move|p2a: Zamazenta|Body Press|p1a: Ceruledge
|-immune|p1a: Ceruledge
|move|p1a: Ceruledge|Shadow Claw|p2a: Zamazenta
|-activate|p2a: Zamazenta|move: Substitute|[damage]
|
|-heal|p2a: Zamazenta|38/100|[from] item: Leftovers
|upkeep
|turn|41
|
|t:|1685853698
|move|p2a: Zamazenta|Body Press|p1a: Ceruledge
|-immune|p1a: Ceruledge
|move|p1a: Ceruledge|Shadow Claw|p2a: Zamazenta
|-activate|p2a: Zamazenta|move: Substitute|[damage]
|
|-heal|p2a: Zamazenta|44/100|[from] item: Leftovers
|upkeep
|turn|42
|
|t:|1685853702
|move|p2a: Zamazenta|Body Press|p1a: Ceruledge
|-immune|p1a: Ceruledge
|move|p1a: Ceruledge|Night Slash|p2a: Zamazenta
|-resisted|p2a: Zamazenta
|-activate|p2a: Zamazenta|move: Substitute|[damage]
|
|-heal|p2a: Zamazenta|50/100|[from] item: Leftovers
|upkeep
|turn|43
|
|t:|1685853709
|move|p2a: Zamazenta|Iron Defense|p2a: Zamazenta
|-boost|p2a: Zamazenta|def|0
|move|p1a: Ceruledge|Night Slash|p2a: Zamazenta
|-resisted|p2a: Zamazenta
|-end|p2a: Zamazenta|Substitute
|
|-heal|p2a: Zamazenta|57/100|[from] item: Leftovers
|upkeep
|turn|44
|
|t:|1685853738
|move|p2a: Zamazenta|Iron Defense|p2a: Zamazenta
|-boost|p2a: Zamazenta|def|0
|move|p1a: Ceruledge|Night Slash|p2a: Zamazenta
|-resisted|p2a: Zamazenta
|-damage|p2a: Zamazenta|54/100
|
|-heal|p2a: Zamazenta|60/100|[from] item: Leftovers
|upkeep
|turn|45
|
|t:|1685853751
|move|p2a: Zamazenta|Substitute|p2a: Zamazenta
|-start|p2a: Zamazenta|Substitute
|-damage|p2a: Zamazenta|35/100
|move|p1a: Ceruledge|Shadow Claw|p2a: Zamazenta
|-activate|p2a: Zamazenta|move: Substitute|[damage]
|
|-heal|p2a: Zamazenta|41/100|[from] item: Leftovers
|upkeep
|turn|46
|
|t:|1685853758
|move|p2a: Zamazenta|Body Press|p1a: Ceruledge
|-immune|p1a: Ceruledge
|move|p1a: Ceruledge|X-Scissor|p2a: Zamazenta
|-resisted|p2a: Zamazenta
|-activate|p2a: Zamazenta|move: Substitute|[damage]
|
|-heal|p2a: Zamazenta|48/100|[from] item: Leftovers
|upkeep
|turn|47
|
|t:|1685853779
|move|p2a: Zamazenta|Iron Defense|p2a: Zamazenta
|-boost|p2a: Zamazenta|def|0
|move|p1a: Ceruledge|X-Scissor|p2a: Zamazenta
|-resisted|p2a: Zamazenta
|-activate|p2a: Zamazenta|move: Substitute|[damage]
|
|-heal|p2a: Zamazenta|54/100|[from] item: Leftovers
|upkeep
|turn|48
|
|t:|1685853782
|move|p2a: Zamazenta|Iron Defense|p2a: Zamazenta
|-boost|p2a: Zamazenta|def|0
|move|p1a: Ceruledge|X-Scissor|p2a: Zamazenta
|-resisted|p2a: Zamazenta
|-activate|p2a: Zamazenta|move: Substitute|[damage]
|
|-heal|p2a: Zamazenta|60/100|[from] item: Leftovers
|upkeep
|turn|49
|
|t:|1685853794
|move|p2a: Zamazenta|Iron Defense|p2a: Zamazenta
|-boost|p2a: Zamazenta|def|0
|move|p1a: Ceruledge|X-Scissor|p2a: Zamazenta
|-resisted|p2a: Zamazenta
|-crit|p2a: Zamazenta
|-end|p2a: Zamazenta|Substitute
|
|-heal|p2a: Zamazenta|66/100|[from] item: Leftovers
|upkeep
|turn|50
|
|t:|1685853797
|switch|p2a: Iron Treads|Iron Treads|100/100
|-damage|p2a: Iron Treads|98/100|[from] Stealth Rock
|move|p1a: Ceruledge|X-Scissor|p2a: Iron Treads
|-resisted|p2a: Iron Treads
|-damage|p2a: Iron Treads|88/100
|
|upkeep
|turn|51
|
|t:|1685853807
|-terastallize|p1a: Ceruledge|Grass
|move|p1a: Ceruledge|Bitter Blade|p2a: Iron Treads
|-supereffective|p2a: Iron Treads
|-damage|p2a: Iron Treads|16/100
|move|p2a: Iron Treads|Knock Off|p1a: Ceruledge
|-crit|p1a: Ceruledge
|-damage|p1a: Ceruledge|50/100
|-enditem|p1a: Ceruledge|Leftovers|[from] move: Knock Off|[of] p2a: Iron Treads
|
|upkeep
|turn|52
|
|t:|1685853825
|-end|p2a: Iron Treads|Quark Drive|[silent]
|switch|p2a: Magearna|Magearna|100/100
|-damage|p2a: Magearna|94/100|[from] Stealth Rock
|move|p1a: Ceruledge|Shadow Claw|p2a: Magearna
|-damage|p2a: Magearna|67/100
|
|-heal|p2a: Magearna|73/100|[from] item: Leftovers
|upkeep
|turn|53
|
|t:|1685853833
|switch|p1a: Clodsire|Clodsire, M|100/100
|move|p2a: Magearna|Shift Gear|p2a: Magearna
|-boost|p2a: Magearna|spe|2
|-boost|p2a: Magearna|atk|1
|
|-heal|p2a: Magearna|79/100|[from] item: Leftovers
|upkeep
|turn|54
|
|t:|1685853838
|move|p2a: Magearna|Calm Mind|p2a: Magearna
|-boost|p2a: Magearna|spa|1
|-boost|p2a: Magearna|spd|1
|move|p1a: Clodsire|Earthquake|p2a: Magearna
|-supereffective|p2a: Magearna
|-damage|p2a: Magearna|25/100
|
|-heal|p2a: Magearna|31/100|[from] item: Leftovers
|upkeep
|turn|55
|
|t:|1685853856
|-terastallize|p2a: Magearna|Water
|move|p2a: Magearna|Calm Mind|p2a: Magearna
|-boost|p2a: Magearna|spa|1
|-boost|p2a: Magearna|spd|1
|move|p1a: Clodsire|Earthquake|p2a: Magearna
|-damage|p2a: Magearna|4/100
|
|-heal|p2a: Magearna|10/100|[from] item: Leftovers
|upkeep
|turn|56
|
|t:|1685853864
|move|p2a: Magearna|Stored Power|p1a: Clodsire
|-supereffective|p1a: Clodsire
|-damage|p1a: Clodsire|0 fnt
|faint|p1a: Clodsire
|-ability|p2a: Magearna|Soul-Heart|boost
|-boost|p2a: Magearna|spa|1
|
|-heal|p2a: Magearna|16/100|[from] item: Leftovers
|upkeep
|
|t:|1685853868
|switch|p1a: Lycanroc|Lycanroc-Dusk, M|100/100
|turn|57
|
|t:|1685853872
|move|p1a: Lycanroc|Accelerock|p2a: Magearna
|-damage|p2a: Magearna|0 fnt
|faint|p2a: Magearna
|
|upkeep
|
|t:|1685853880
|switch|p2a: Zamazenta|Zamazenta|66/100
|-damage|p2a: Zamazenta|60/100|[from] Stealth Rock
|turn|58
|
|t:|1685853889
|switch|p1a: Great Tusk|Great Tusk|100/100
|move|p2a: Zamazenta|Iron Defense|p2a: Zamazenta
|-boost|p2a: Zamazenta|def|2
|
|-heal|p2a: Zamazenta|66/100|[from] item: Leftovers
|upkeep
|turn|59
|
|t:|1685853900
|move|p2a: Zamazenta|Iron Defense|p2a: Zamazenta
|-boost|p2a: Zamazenta|def|2
|move|p1a: Great Tusk|Earthquake|p2a: Zamazenta
|-damage|p2a: Zamazenta|54/100
|
|-heal|p2a: Zamazenta|60/100|[from] item: Leftovers
|upkeep
|turn|60
|
|t:|1685853907
|move|p2a: Zamazenta|Substitute|p2a: Zamazenta
|-start|p2a: Zamazenta|Substitute
|-damage|p2a: Zamazenta|35/100
|move|p1a: Great Tusk|Earthquake|p2a: Zamazenta
|-activate|p2a: Zamazenta|move: Substitute|[damage]
|
|-heal|p2a: Zamazenta|41/100|[from] item: Leftovers
|upkeep
|turn|61
|
|t:|1685853916
|move|p2a: Zamazenta|Iron Defense|p2a: Zamazenta
|-boost|p2a: Zamazenta|def|2
|move|p1a: Great Tusk|Earthquake|p2a: Zamazenta
|-end|p2a: Zamazenta|Substitute
|
|-heal|p2a: Zamazenta|47/100|[from] item: Leftovers
|upkeep
|turn|62
|
|t:|1685853919
|move|p2a: Zamazenta|Substitute|p2a: Zamazenta
|-start|p2a: Zamazenta|Substitute
|-damage|p2a: Zamazenta|22/100
|move|p1a: Great Tusk|Earthquake|p2a: Zamazenta
|-activate|p2a: Zamazenta|move: Substitute|[damage]
|
|-heal|p2a: Zamazenta|28/100|[from] item: Leftovers
|upkeep
|turn|63
|
|t:|1685853921
|move|p2a: Zamazenta|Body Press|p1a: Great Tusk
|-damage|p1a: Great Tusk|13/100
|move|p1a: Great Tusk|Earthquake|p2a: Zamazenta
|-activate|p2a: Zamazenta|move: Substitute|[damage]
|
|-heal|p2a: Zamazenta|35/100|[from] item: Leftovers
|upkeep
|turn|64
|
|t:|1685853927
|-end|p1a: Great Tusk|Protosynthesis|[silent]
|switch|p1a: Ceruledge|Ceruledge, M, tera:Grass|50/100
|move|p2a: Zamazenta|Body Press|p1a: Ceruledge
|-damage|p1a: Ceruledge|0 fnt
|faint|p1a: Ceruledge
|
|-heal|p2a: Zamazenta|41/100|[from] item: Leftovers
|upkeep
|
|t:|1685853933
|switch|p1a: Dragonite|Dragonite, F|100/100
|turn|65
|
|t:|1685853937
|move|p1a: Dragonite|Extreme Speed|p2a: Zamazenta
|-end|p2a: Zamazenta|Substitute
|-damage|p1a: Dragonite|91/100|[from] item: Life Orb
|move|p2a: Zamazenta|Body Press|p1a: Dragonite
|-resisted|p1a: Dragonite
|-damage|p1a: Dragonite|24/100
|
|-heal|p2a: Zamazenta|47/100|[from] item: Leftovers
|upkeep
|turn|66
|-message|deadshot9 forfeited.
|
|win|adachifan9003
|raw|deadshot9's rating: 1064 → 1048(-16 for losing)
|raw|adachifan9003's rating: 1133 → 1153(+20 for winning)
|l|☆deadshot9
