|j|☆SidTheShuckle
|j|☆thunderdog_32
|t:|1685853259
|gametype|singles
|player|p1|SidTheShuckle|cynthia|1241
|player|p2|thunderdog_32|101|1289
|teamsize|p1|6
|teamsize|p2|6
|gen|9
|tier|[Gen 9] OU
|rated|
|rule|Sleep Clause Mod: Limit one foe put to sleep
|rule|Species Clause: Limit one of each Pokémon
|rule|OHKO Clause: OHKO moves are banned
|rule|Evasion Items Clause: Evasion items are banned
|rule|Evasion Moves Clause: Evasion moves are banned
|rule|Endless Battle Clause: Forcing endless battles is banned
|rule|HP Percentage Mod: HP is shown in percentages
|clearpoke
|poke|p1|Zamazenta-*|
|poke|p1|Enamorus, F|
|poke|p1|Magearna|
|poke|p1|Rotom-Wash|
|poke|p1|Samurott-Hisui, M|
|poke|p1|Great Tusk|
|poke|p2|Arcanine-Hisui, M|
|poke|p2|Garchomp, F|
|poke|p2|Iron Valiant|
|poke|p2|Dondozo, M|
|poke|p2|Gholdengo|
|poke|p2|Meowscarada, F|
|teampreview
|inactive|Battle timer is ON: inactive players will automatically lose when time's up. (requested by thunderdog_32)
|
|t:|1685853286
|start
|switch|p1a: Magearna|Magearna|100/100
|switch|p2a: Garchomp|Garchomp, F|100/100
|turn|1
|
|t:|1685853294
|switch|p2a: Gholdengo|Gholdengo|100/100
|move|p1a: Magearna|Ice Beam|p2a: Gholdengo
|-resisted|p2a: Gholdengo
|-damage|p2a: Gholdengo|70/100
|
|upkeep
|turn|2
|
|t:|1685853307
|switch|p1a: Rotom|Rotom-Wash|100/100
|move|p2a: Gholdengo|Focus Blast|p1a: Rotom
|-damage|p1a: Rotom|54/100
|
|-heal|p1a: Rotom|61/100|[from] item: Leftovers
|upkeep
|turn|3
|
|t:|1685853312
|switch|p2a: Garchomp|Garchomp, F|100/100
|move|p1a: Rotom|Volt Switch|p2a: Garchomp
|-immune|p2a: Garchomp
|
|-heal|p1a: Rotom|67/100|[from] item: Leftovers
|upkeep
|turn|4
|
|t:|1685853319
|switch|p2a: Gholdengo|Gholdengo|70/100
|switch|p1a: Great Tusk|Great Tusk|100/100
|
|upkeep
|turn|5
|
|t:|1685853327
|switch|p2a: Garchomp|Garchomp, F|100/100
|move|p1a: Great Tusk|Knock Off|p2a: Garchomp
|-damage|p2a: Garchomp|79/100
|-damage|p1a: Great Tusk|88/100|[from] ability: Rough Skin|[of] p2a: Garchomp
|-damage|p1a: Great Tusk|71/100|[from] item: Rocky Helmet|[of] p2a: Garchomp
|-enditem|p2a: Garchomp|Rocky Helmet|[from] move: Knock Off|[of] p1a: Great Tusk
|
|-heal|p1a: Great Tusk|78/100|[from] item: Leftovers
|upkeep
|turn|6
|
|t:|1685853331
|move|p2a: Garchomp|Stealth Rock|p1a: Great Tusk
|-sidestart|p1: SidTheShuckle|move: Stealth Rock
|move|p1a: Great Tusk|Ice Spinner|p2a: Garchomp
|-supereffective|p2a: Garchomp
|-damage|p2a: Garchomp|2/100
|-damage|p1a: Great Tusk|65/100|[from] ability: Rough Skin|[of] p2a: Garchomp
|
|-heal|p1a: Great Tusk|71/100|[from] item: Leftovers
|upkeep
|turn|7
|
|t:|1685853334
|move|p2a: Garchomp|Earthquake|p1a: Great Tusk
|-damage|p1a: Great Tusk|52/100
|move|p1a: Great Tusk|Rapid Spin|p2a: Garchomp
|-damage|p2a: Garchomp|0 fnt
|-boost|p1a: Great Tusk|spe|1
|-damage|p1a: Great Tusk|40/100|[from] ability: Rough Skin|[of] p2a: Garchomp
|-sideend|p1: SidTheShuckle|Stealth Rock|[from] move: Rapid Spin|[of] p1a: Great Tusk
|faint|p2a: Garchomp
|
|-heal|p1a: Great Tusk|46/100|[from] item: Leftovers
|upkeep
|
|t:|1685853355
|switch|p2a: Iron Valiant|Iron Valiant|100/100
|-enditem|p2a: Iron Valiant|Booster Energy
|-activate|p2a: Iron Valiant|ability: Quark Drive|[fromitem]
|-start|p2a: Iron Valiant|quarkdrivespe
|turn|8
|
|t:|1685853371
|move|p2a: Iron Valiant|Moonblast|p1a: Great Tusk
|-supereffective|p1a: Great Tusk
|-damage|p1a: Great Tusk|0 fnt
|faint|p1a: Great Tusk
|-end|p1a: Great Tusk|Protosynthesis|[silent]
|
|upkeep
|
|t:|1685853379
|switch|p1a: Magearna|Magearna|100/100
|turn|9
|
|t:|1685853392
|-end|p2a: Iron Valiant|Quark Drive|[silent]
|switch|p2a: Gholdengo|Gholdengo|70/100
|move|p1a: Magearna|Ice Beam|p2a: Gholdengo
|-resisted|p2a: Gholdengo
|-damage|p2a: Gholdengo|40/100
|
|upkeep
|turn|10
|
|t:|1685853399
|switch|p1a: Rotom|Rotom-Wash|67/100
|move|p2a: Gholdengo|Trick|p1a: Rotom
|-activate|p2a: Gholdengo|move: Trick|[of] p1a: Rotom
|-item|p1a: Rotom|Choice Scarf|[from] move: Trick
|-item|p2a: Gholdengo|Leftovers|[from] move: Trick
|
|-heal|p2a: Gholdengo|46/100|[from] item: Leftovers
|upkeep
|turn|11
|
|t:|1685853409
|move|p1a: Rotom|Volt Switch|p2a: Gholdengo
|-damage|p2a: Gholdengo|15/100
|
|t:|1685853416
|switch|p1a: Magearna|Magearna|100/100|[from] Volt Switch
|move|p2a: Gholdengo|Shadow Ball|p1a: Magearna
|-damage|p1a: Magearna|66/100
|
|-heal|p2a: Gholdengo|21/100|[from] item: Leftovers
|upkeep
|turn|12
|
|t:|1685853422
|move|p2a: Gholdengo|Make It Rain|p1a: Magearna
|-damage|p1a: Magearna|12/100
|-unboost|p2a: Gholdengo|spa|1
|move|p1a: Magearna|Ice Beam|p2a: Gholdengo
|-resisted|p2a: Gholdengo
|-damage|p2a: Gholdengo|0 fnt
|faint|p2a: Gholdengo
|-ability|p1a: Magearna|Soul-Heart|boost
|-boost|p1a: Magearna|spa|1
|
|upkeep
|
|t:|1685853440
|switch|p2a: Iron Valiant|Iron Valiant|100/100
|turn|13
|inactive|thunderdog_32 has 120 seconds left.
|
|t:|1685853482
|move|p2a: Iron Valiant|Moonblast|p1a: Magearna
|-resisted|p1a: Magearna
|-damage|p1a: Magearna|0 fnt
|faint|p1a: Magearna
|
|upkeep
|
|t:|1685853497
|switch|p1a: Enamorus|Enamorus, F|100/100
|turn|14
|
|t:|1685853509
|-end|p2a: Iron Valiant|Quark Drive|[silent]
|switch|p2a: Arcanine|Arcanine-Hisui, M|100/100
|move|p1a: Enamorus|Moonblast|p2a: Arcanine
|-resisted|p2a: Arcanine
|-damage|p2a: Arcanine|71/100
|
|upkeep
|turn|15
|
|t:|1685853516
|switch|p1a: Rotom|Rotom-Wash|67/100
|move|p2a: Arcanine|Head Smash|p1a: Rotom
|-damage|p1a: Rotom|0 fnt
|faint|p1a: Rotom
|
|upkeep
|
|t:|1685853520
|switch|p1a: Enamorus|Enamorus, F|100/100
|turn|16
|
|t:|1685853524
|move|p1a: Enamorus|Superpower|p2a: Arcanine
|-supereffective|p2a: Arcanine
|-damage|p2a: Arcanine|0 fnt
|-boost|p1a: Enamorus|atk|1
|-boost|p1a: Enamorus|def|1
|faint|p2a: Arcanine
|
|upkeep
|
|t:|1685853535
|switch|p2a: Dondozo|Dondozo, M|100/100
|turn|17
|
|t:|1685853538
|move|p1a: Enamorus|Superpower|p2a: Dondozo
|-damage|p2a: Dondozo|80/100
|-boost|p1a: Enamorus|atk|1
|-boost|p1a: Enamorus|def|1
|move|p2a: Dondozo|Curse|p2a: Dondozo
|-unboost|p2a: Dondozo|spe|1
|-boost|p2a: Dondozo|atk|1
|-boost|p2a: Dondozo|def|1
|
|-heal|p2a: Dondozo|86/100|[from] item: Leftovers
|upkeep
|turn|18
|
|t:|1685853551
|switch|p1a: Zamazenta|Zamazenta|100/100
|-ability|p1a: Zamazenta|Dauntless Shield|boost
|-boost|p1a: Zamazenta|def|1
|move|p2a: Dondozo|Curse|p2a: Dondozo
|-unboost|p2a: Dondozo|spe|1
|-boost|p2a: Dondozo|atk|1
|-boost|p2a: Dondozo|def|1
|
|-heal|p2a: Dondozo|93/100|[from] item: Leftovers
|upkeep
|turn|19
|
|t:|1685853561
|move|p1a: Zamazenta|Wild Charge|p2a: Dondozo
|-supereffective|p2a: Dondozo
|-damage|p2a: Dondozo|68/100
|-damage|p1a: Zamazenta|91/100|[from] Recoil
|move|p2a: Dondozo|Liquidation|p1a: Zamazenta
|-damage|p1a: Zamazenta|40/100
|
|-heal|p2a: Dondozo|74/100|[from] item: Leftovers
|upkeep
|turn|20
|
|t:|1685853569
|move|p1a: Zamazenta|Wild Charge|p2a: Dondozo
|-supereffective|p2a: Dondozo
|-damage|p2a: Dondozo|45/100
|-damage|p1a: Zamazenta|29/100|[from] Recoil
|move|p2a: Dondozo|Liquidation|p1a: Zamazenta
|-damage|p1a: Zamazenta|0 fnt
|faint|p1a: Zamazenta
|
|-heal|p2a: Dondozo|51/100|[from] item: Leftovers
|upkeep
|
|t:|1685853570
|switch|p1a: Enamorus|Enamorus, F|100/100
|turn|21
|
|t:|1685853576
|-terastallize|p1a: Enamorus|Fairy
|move|p2a: Dondozo|Protect|p2a: Dondozo
|-singleturn|p2a: Dondozo|Protect
|move|p1a: Enamorus|Moonblast|p2a: Dondozo
|-activate|p2a: Dondozo|move: Protect
|
|-heal|p2a: Dondozo|57/100|[from] item: Leftovers
|upkeep
|turn|22
|
|t:|1685853593
|move|p1a: Enamorus|Moonblast|p2a: Dondozo
|-damage|p2a: Dondozo|17/100
|move|p2a: Dondozo|Liquidation|p1a: Enamorus
|-damage|p1a: Enamorus|0 fnt
|faint|p1a: Enamorus
|
|-heal|p2a: Dondozo|24/100|[from] item: Leftovers
|upkeep
|
|t:|1685853596
|switch|p1a: Samurott|Samurott-Hisui, M|100/100
|turn|23
|
|t:|1685853601
|move|p1a: Samurott|Ceaseless Edge|p2a: Dondozo
|-crit|p2a: Dondozo
|-damage|p2a: Dondozo|0 fnt
|-sidestart|p2: thunderdog_32|Spikes
|faint|p2a: Dondozo
|
|upkeep
|
|t:|1685853608
|switch|p2a: Iron Valiant|Iron Valiant|100/100
|-damage|p2a: Iron Valiant|88/100|[from] Spikes
|turn|24
|c|☆thunderdog_32|Gg
|
|t:|1685853614
|move|p2a: Iron Valiant|Moonblast|p1a: Samurott
|-supereffective|p1a: Samurott
|-damage|p1a: Samurott|0 fnt
|faint|p1a: Samurott
|
|win|thunderdog_32
|raw|SidTheShuckle's rating: 1241 → 1219(-22 for losing)
|raw|thunderdog_32's rating: 1289 → 1311(+22 for winning)
|l|☆SidTheShuckle
