|j|☆DungeonXDXD
|j|☆94houdini
|t:|1685903463
|gametype|singles
|player|p1|DungeonXDXD|iono|1034
|player|p2|94houdini|2|1000
|teamsize|p1|2
|teamsize|p2|6
|gen|9
|tier|[Gen 9] OU
|rated|
|rule|Sleep Clause Mod: Limit one foe put to sleep
|rule|Species Clause: Limit one of each Pokémon
|rule|OHKO Clause: OHKO moves are banned
|rule|Evasion Items Clause: Evasion items are banned
|rule|Evasion Moves Clause: Evasion moves are banned
|rule|Endless Battle Clause: Forcing endless battles is banned
|rule|HP Percentage Mod: HP is shown in percentages
|clearpoke
|poke|p1|Decidueye-Hisui, M|
|poke|p1|Overqwil, F|
|poke|p2|Jolteon, F|
|poke|p2|Iron Moth|
|poke|p2|Breloom, M|
|poke|p2|Goodra-Hisui, M|
|poke|p2|Carbink|
|poke|p2|Articuno-Galar|
|teampreview
|inactive|Battle timer is ON: inactive players will automatically lose when time's up. (requested by DungeonXDXD)
|
|t:|1685903480
|start
|switch|p1a: Overqwil|Overqwil, F|100/100
|switch|p2a: Articuno|Articuno-Galar|100/100
|-ability|p1a: Overqwil|Intimidate|boost
|-unboost|p2a: Articuno|atk|1
|-ability|p2a: Articuno|Competitive|boost
|-boost|p2a: Articuno|spa|2
|turn|1
|
|t:|1685903507
|move|p2a: Articuno|Hyper Voice|p1a: Overqwil
|-damage|p1a: Overqwil|0 fnt
|faint|p1a: Overqwil
|
|upkeep
|
|t:|1685903511
|switch|p1a: Decidueye|Decidueye-Hisui, M|100/100
|turn|2
|
|t:|1685903526
|-terastallize|p1a: Decidueye|Ghost
|move|p2a: Articuno|Hyper Voice|p1a: Decidueye
|-immune|p1a: Decidueye
|move|p1a: Decidueye|Bulk Up|p1a: Decidueye
|-boost|p1a: Decidueye|atk|1
|-boost|p1a: Decidueye|def|1
|
|upkeep
|turn|3
|inactive|94houdini has 120 seconds left.
|
|t:|1685903565
|switch|p2a: Goodra|Goodra-Hisui, M|100/100
|move|p1a: Decidueye|Shadow Sneak|p2a: Goodra
|-damage|p2a: Goodra|79/100
|
|-heal|p2a: Goodra|85/100|[from] item: Leftovers
|upkeep
|turn|4
|
|t:|1685903573
|move|p2a: Goodra|Substitute|p2a: Goodra
|-start|p2a: Goodra|Substitute
|-damage|p2a: Goodra|60/100
|move|p1a: Decidueye|Bulk Up|p1a: Decidueye
|-boost|p1a: Decidueye|atk|1
|-boost|p1a: Decidueye|def|1
|
|-heal|p2a: Goodra|66/100|[from] item: Leftovers
|upkeep
|turn|5
|j| 5EternalNoob5
|inactive|94houdini has 120 seconds left.
|
|t:|1685903590
|move|p1a: Decidueye|Triple Arrows|p2a: Goodra
|-supereffective|p2a: Goodra
|-end|p2a: Goodra|Substitute
|move|p2a: Goodra|Surf|p1a: Decidueye
|-damage|p1a: Decidueye|86/100
|
|-heal|p2a: Goodra|72/100|[from] item: Leftovers
|upkeep
|turn|6
|inactive|94houdini has 120 seconds left.
|
|t:|1685903601
|move|p2a: Goodra|Protect|p2a: Goodra
|-singleturn|p2a: Goodra|Protect
|move|p1a: Decidueye|Bulk Up|p1a: Decidueye
|-boost|p1a: Decidueye|atk|1
|-boost|p1a: Decidueye|def|1
|
|-heal|p2a: Goodra|79/100|[from] item: Leftovers
|upkeep
|turn|7
|
|t:|1685903609
|move|p1a: Decidueye|Bulk Up|p1a: Decidueye
|-boost|p1a: Decidueye|atk|1
|-boost|p1a: Decidueye|def|1
|move|p2a: Goodra|Draco Meteor|p1a: Decidueye
|-damage|p1a: Decidueye|51/100
|-unboost|p2a: Goodra|spa|2
|
|-heal|p2a: Goodra|85/100|[from] item: Leftovers
|upkeep
|turn|8
|l| 5EternalNoob5
|
|t:|1685903624
|move|p2a: Goodra|Draco Meteor|p1a: Decidueye
|-damage|p1a: Decidueye|35/100
|-unboost|p2a: Goodra|spa|2
|move|p1a: Decidueye|Roost|p1a: Decidueye
|-heal|p1a: Decidueye|85/100
|
|-heal|p2a: Goodra|91/100|[from] item: Leftovers
|upkeep
|turn|9
|inactive|94houdini has 120 seconds left.
|
|t:|1685903645
|move|p1a: Decidueye|Bulk Up|p1a: Decidueye
|-boost|p1a: Decidueye|atk|1
|-boost|p1a: Decidueye|def|1
|move|p2a: Goodra|Draco Meteor|p1a: Decidueye
|-damage|p1a: Decidueye|73/100
|-unboost|p2a: Goodra|spa|2
|
|-heal|p2a: Goodra|97/100|[from] item: Leftovers
|upkeep
|turn|10
|inactive|94houdini has 120 seconds left.
|
|t:|1685903653
|move|p2a: Goodra|Draco Meteor|p1a: Decidueye
|-damage|p1a: Decidueye|64/100
|move|p1a: Decidueye|Bulk Up|p1a: Decidueye
|-boost|p1a: Decidueye|atk|1
|-boost|p1a: Decidueye|def|1
|
|-heal|p2a: Goodra|100/100|[from] item: Leftovers
|upkeep
|turn|11
|
|t:|1685903661
|move|p2a: Goodra|Draco Meteor|p1a: Decidueye
|-damage|p1a: Decidueye|56/100
|move|p1a: Decidueye|Roost|p1a: Decidueye
|-heal|p1a: Decidueye|100/100
|
|upkeep
|turn|12
|
|t:|1685903667
|move|p1a: Decidueye|Triple Arrows|p2a: Goodra
|-supereffective|p2a: Goodra
|-damage|p2a: Goodra|0 fnt
|faint|p2a: Goodra
|
|upkeep
|inactive|94houdini has 120 seconds left.
|
|t:|1685903685
|switch|p2a: Articuno|Articuno-Galar|100/100
|turn|13
|inactive|94houdini has 120 seconds left.
|
|t:|1685903700
|move|p1a: Decidueye|Shadow Sneak|p2a: Articuno
|-supereffective|p2a: Articuno
|-crit|p2a: Articuno
|-damage|p2a: Articuno|0 fnt
|faint|p2a: Articuno
|
|upkeep
|inactive|94houdini has 120 seconds left.
|
|t:|1685903711
|switch|p2a: Carbink|Carbink|100/100
|turn|14
|inactive|94houdini has 120 seconds left.
|
|t:|1685903720
|move|p1a: Decidueye|Shadow Sneak|p2a: Carbink
|-damage|p2a: Carbink|50/100
|move|p2a: Carbink|Reflect|p2a: Carbink
|-sidestart|p2: 94houdini|Reflect
|
|upkeep
|turn|15
|inactive|94houdini has 120 seconds left.
|
|t:|1685903739
|move|p1a: Decidueye|Triple Arrows|p2a: Carbink
|-damage|p2a: Carbink|2/100
|-enditem|p2a: Carbink|Wiki Berry|[eat]
|-heal|p2a: Carbink|35/100|[from] item: Wiki Berry
|-start|p2a: Carbink|confusion
|cant|p2a: Carbink|flinch
|
|upkeep
|turn|16
|inactive|94houdini has 120 seconds left.
|
|t:|1685903747
|move|p1a: Decidueye|Shadow Sneak|p2a: Carbink
|-damage|p2a: Carbink|14/100
|-activate|p2a: Carbink|confusion
|-damage|p2a: Carbink|10/100|[from] confusion
|
|upkeep
|turn|17
|
|t:|1685903751
|move|p1a: Decidueye|Shadow Sneak|p2a: Carbink
|-damage|p2a: Carbink|0 fnt
|faint|p2a: Carbink
|
|upkeep
|
|t:|1685903764
|switch|p2a: Iron Moth|Iron Moth|100/100
|-enditem|p2a: Iron Moth|Booster Energy
|-activate|p2a: Iron Moth|ability: Quark Drive|[fromitem]
|-start|p2a: Iron Moth|quarkdrivespa
|turn|18
|
|t:|1685903781
|-terastallize|p2a: Iron Moth|Ground
|move|p2a: Iron Moth|Fiery Dance|p1a: Decidueye
|-damage|p1a: Decidueye|63/100
|-boost|p2a: Iron Moth|spa|1
|move|p1a: Decidueye|Triple Arrows|p2a: Iron Moth
|-damage|p2a: Iron Moth|0 fnt
|faint|p2a: Iron Moth
|-end|p2a: Iron Moth|Quark Drive|[silent]
|
|-sideend|p2: 94houdini|Reflect
|upkeep
|inactive|94houdini has 120 seconds left.
|
|t:|1685903791
|switch|p2a: Jolteon|Jolteon, F|100/100
|turn|19
|
|t:|1685903804
|move|p2a: Jolteon|Thunderbolt|p1a: Decidueye
|-damage|p1a: Decidueye|23/100
|-damage|p2a: Jolteon|91/100|[from] item: Life Orb
|move|p1a: Decidueye|Roost|p1a: Decidueye
|-heal|p1a: Decidueye|73/100
|
|upkeep
|turn|20
|inactive|94houdini has 120 seconds left.
|
|t:|1685903823
|move|p2a: Jolteon|Shadow Ball|p1a: Decidueye
|-supereffective|p1a: Decidueye
|-damage|p1a: Decidueye|26/100
|-enditem|p1a: Decidueye|Weakness Policy
|-boost|p1a: Decidueye|atk|0
|-boost|p1a: Decidueye|spa|2|[from] item: Weakness Policy
|-damage|p2a: Jolteon|81/100|[from] item: Life Orb
|move|p1a: Decidueye|Roost|p1a: Decidueye
|-heal|p1a: Decidueye|76/100
|
|upkeep
|turn|21
|inactive|94houdini has 120 seconds left.
|
|t:|1685903846
|move|p1a: Decidueye|Shadow Sneak|p2a: Jolteon
|-damage|p2a: Jolteon|0 fnt
|faint|p2a: Jolteon
|
|upkeep
|inactive|94houdini has 120 seconds left.
|-message|94houdini forfeited.
|
|win|DungeonXDXD
|raw|DungeonXDXD's rating: 1034 → 1065(+31 for winning)
|raw|94houdini's rating: 1000 → 1000(+0 for losing)
|l|☆94houdini
