|j|☆Lord_7th_4life
|j|☆guuchtakesover
|t:|1685902975
|gametype|singles
|player|p1|Lord_7th_4life|hugh|1167
|player|p2|guuchtakesover|benga|1131
|teamsize|p1|6
|teamsize|p2|6
|gen|9
|tier|[Gen 9] OU
|rated|
|rule|Sleep Clause Mod: Limit one foe put to sleep
|rule|Species Clause: Limit one of each Pokémon
|rule|OHKO Clause: OHKO moves are banned
|rule|Evasion Items Clause: Evasion items are banned
|rule|Evasion Moves Clause: Evasion moves are banned
|rule|Endless Battle Clause: Forcing endless battles is banned
|rule|HP Percentage Mod: HP is shown in percentages
|clearpoke
|poke|p1|Clodsire, F|
|poke|p1|Garganacl, M|
|poke|p1|Great Tusk|
|poke|p1|Volcarona, F|
|poke|p1|Tornadus, M|
|poke|p1|Meowscarada, F|
|poke|p2|Samurott-Hisui, M|
|poke|p2|Lilligant-Hisui, F|
|poke|p2|Ursaluna, M|
|poke|p2|Arcanine-Hisui, M|
|poke|p2|Sneasler, F|
|poke|p2|Zoroark-Hisui, M|
|teampreview
|inactive|Battle timer is ON: inactive players will automatically lose when time's up. (requested by guuchtakesover)
|
|t:|1685902992
|start
|switch|p1a: Meowscarada|Meowscarada, F|100/100
|switch|p2a: Sneasler|Sneasler, F|100/100
|-item|p2a: Sneasler|Air Balloon
|turn|1
|
|t:|1685903016
|move|p1a: Meowscarada|U-turn|p2a: Sneasler
|-start|p1a: Meowscarada|typechange|Bug|[from] ability: Protean
|-resisted|p2a: Sneasler
|-damage|p2a: Sneasler|87/100
|-enditem|p2a: Sneasler|Air Balloon
|
|t:|1685903027
|switch|p1a: Clodsire|Clodsire, F|100/100|[from] U-turn
|move|p2a: Sneasler|Swords Dance|p2a: Sneasler
|-boost|p2a: Sneasler|atk|2
|
|upkeep
|turn|2
|
|t:|1685903039
|move|p2a: Sneasler|Acrobatics|p1a: Clodsire
|-damage|p1a: Clodsire|55/100
|move|p1a: Clodsire|Earthquake|p2a: Sneasler
|-supereffective|p2a: Sneasler
|-damage|p2a: Sneasler|0 fnt
|faint|p2a: Sneasler
|
|-heal|p1a: Clodsire|61/100|[from] item: Leftovers
|upkeep
|
|t:|1685903059
|switch|p2a: Lilligant|Lilligant-Hisui, F|100/100
|turn|3
|
|t:|1685903069
|switch|p1a: Tornadus|Tornadus, M|100/100
|move|p2a: Lilligant|Victory Dance|p2a: Lilligant
|-boost|p2a: Lilligant|atk|1
|-boost|p2a: Lilligant|def|1
|-boost|p2a: Lilligant|spe|1
|
|upkeep
|turn|4
|
|t:|1685903081
|move|p1a: Tornadus|Substitute|p1a: Tornadus
|-start|p1a: Tornadus|Substitute
|-damage|p1a: Tornadus|76/100
|move|p2a: Lilligant|Ice Spinner|p1a: Tornadus
|-supereffective|p1a: Tornadus
|-end|p1a: Tornadus|Substitute
|
|-heal|p1a: Tornadus|82/100|[from] item: Leftovers
|upkeep
|turn|5
|l|☆guuchtakesover
|inactive|guuchtakesover disconnected and has a minute to reconnect!
|player|p2|
|j|☆guuchtakesover
|inactive|guuchtakesover reconnected and has 120 seconds left.
|player|p2|guuchtakesover|benga
|
|t:|1685903117
|move|p2a: Lilligant|Ice Spinner|p1a: Tornadus
|-supereffective|p1a: Tornadus
|-damage|p1a: Tornadus|0 fnt
|faint|p1a: Tornadus
|
|upkeep
|inactive|Lord_7th_4life has 120 seconds left.
|
|t:|1685903137
|switch|p1a: Clodsire|Clodsire, F|61/100
|turn|6
|inactive|Lord_7th_4life has 120 seconds left.
|inactive|guuchtakesover has 120 seconds left.
|
|t:|1685903148
|move|p2a: Lilligant|Leaf Blade|p1a: Clodsire
|-damage|p1a: Clodsire|0 fnt
|faint|p1a: Clodsire
|
|upkeep
|inactive|Lord_7th_4life has 120 seconds left.
|
|t:|1685903170
|switch|p1a: Volcarona|Volcarona, F|100/100
|turn|7
|c|☆guuchtakesover|Lilligant Hisui on top!!
|inactive|guuchtakesover has 120 seconds left.
|inactive|guuchtakesover has 90 seconds left.
|
|t:|1685903216
|-terastallize|p1a: Volcarona|Fire
|move|p2a: Lilligant|Close Combat|p1a: Volcarona
|-damage|p1a: Volcarona|0 fnt
|-unboost|p2a: Lilligant|def|1
|-unboost|p2a: Lilligant|spd|1
|faint|p1a: Volcarona
|
|upkeep
|-message|Lord_7th_4life forfeited.
|
|win|guuchtakesover
|raw|Lord_7th_4life's rating: 1167 → 1139(-28 for losing)
|raw|guuchtakesover's rating: 1131 → 1159(+28 for winning)
|l|☆Lord_7th_4life
|l|☆guuchtakesover
|j|☆guuchtakesover
|player|p2|guuchtakesover|benga
