|j|☆Paghetti Mash
|j|☆SPACEDUDE360000
|t:|1685933240
|gametype|singles
|player|p1|Paghetti Mash|1|
|player|p2|SPACEDUDE360000|dawn|
|teamsize|p1|6
|teamsize|p2|6
|gen|9
|tier|[Gen 9] OU
|rule|Sleep Clause Mod: Limit one foe put to sleep
|rule|Species Clause: Limit one of each Pokémon
|rule|OHKO Clause: OHKO moves are banned
|rule|Evasion Items Clause: Evasion items are banned
|rule|Evasion Moves Clause: Evasion moves are banned
|rule|Endless Battle Clause: Forcing endless battles is banned
|rule|HP Percentage Mod: HP is shown in percentages
|clearpoke
|poke|p1|Iron Leaves|
|poke|p1|Iron Treads|
|poke|p1|Rotom-Heat|
|poke|p1|Vaporeon, F|
|poke|p1|Bombirdier, M|
|poke|p1|Pincurchin, M|
|poke|p2|Amoonguss, F|
|poke|p2|Tyranitar, F|
|poke|p2|Cloyster, F|
|poke|p2|Mabosstiff, F|
|poke|p2|Mismagius, M|
|poke|p2|Typhlosion, M|
|teampreview
|inactive|Battle timer is ON: inactive players will automatically lose when time's up. (requested by Paghetti Mash)
|j| johngalt149
|
|t:|1685933259
|start
|switch|p1a: Iron Leaver|Iron Leaves|100/100
|switch|p2a: Cloyster|Cloyster, F|100/100
|turn|1
|j| wire_weed
|
|t:|1685933272
|move|p1a: Iron Leaver|Wild Charge|p2a: Cloyster
|-supereffective|p2a: Cloyster
|-damage|p2a: Cloyster|52/100
|-damage|p1a: Iron Leaver|92/100|[from] Recoil
|move|p2a: Cloyster|Shell Smash|p2a: Cloyster
|-unboost|p2a: Cloyster|def|1
|-unboost|p2a: Cloyster|spd|1
|-boost|p2a: Cloyster|atk|2
|-boost|p2a: Cloyster|spa|2
|-boost|p2a: Cloyster|spe|2
|-enditem|p2a: Cloyster|White Herb
|-clearnegativeboost|p2a: Cloyster|[silent]
|
|upkeep
|turn|2
|
|t:|1685933282
|-end|p1a: Iron Leaver|Quark Drive|[silent]
|switch|p1a: Funny noise man|Bombirdier, M|100/100
|move|p2a: Cloyster|Icicle Spear|p1a: Funny noise man
|-supereffective|p1a: Funny noise man
|-damage|p1a: Funny noise man|52/100
|-supereffective|p1a: Funny noise man
|-damage|p1a: Funny noise man|4/100
|-supereffective|p1a: Funny noise man
|-damage|p1a: Funny noise man|0 fnt
|faint|p1a: Funny noise man
|-hitcount|p1: Funny noise man|3
|
|upkeep
|
|t:|1685933284
|switch|p1a: Did you know...?|Vaporeon, F|100/100
|turn|3
|
|t:|1685933296
|move|p2a: Cloyster|Rock Blast|p1a: Did you know...?
|-damage|p1a: Did you know...?|91/100
|-damage|p1a: Did you know...?|80/100
|-damage|p1a: Did you know...?|70/100
|-damage|p1a: Did you know...?|59/100
|-damage|p1a: Did you know...?|50/100
|-hitcount|p1a: Did you know...?|5
|move|p1a: Did you know...?|Haze|p1a: Did you know...?
|-clearallboost
|
|-heal|p1a: Did you know...?|56/100|[from] item: Leftovers
|upkeep
|turn|4
|j| shewsheen
|inactive|SPACEDUDE360000 has 270 seconds left.
|
|t:|1685933326
|switch|p2a: Amoonguss|Amoonguss, F|100/100
|move|p1a: Did you know...?|Wish|p1a: Did you know...?
|
|-heal|p1a: Did you know...?|62/100|[from] item: Leftovers
|upkeep
|turn|5
|
|t:|1685933335
|move|p1a: Did you know...?|Protect|p1a: Did you know...?
|-singleturn|p1a: Did you know...?|Protect
|move|p2a: Amoonguss|Sludge Bomb|p1a: Did you know...?
|-activate|p1a: Did you know...?|move: Protect
|
|-heal|p1a: Did you know...?|100/100|[from] move: Wish|[wisher] Did you know...?
|upkeep
|turn|6
|
|t:|1685933343
|switch|p1a: Iron Dreads|Iron Treads|100/100
|move|p2a: Amoonguss|Sludge Bomb|p1a: Iron Dreads
|-immune|p1a: Iron Dreads
|
|upkeep
|turn|7
|
|t:|1685933346
|move|p1a: Iron Dreads|Knock Off|p2a: Amoonguss
|-damage|p2a: Amoonguss|79/100
|-damage|p1a: Iron Dreads|84/100|[from] item: Rocky Helmet|[of] p2a: Amoonguss
|-enditem|p2a: Amoonguss|Rocky Helmet|[from] move: Knock Off|[of] p1a: Iron Dreads
|move|p2a: Amoonguss|Stomping Tantrum|p1a: Iron Dreads
|-supereffective|p1a: Iron Dreads
|-damage|p1a: Iron Dreads|34/100
|
|upkeep
|turn|8
|
|t:|1685933354
|-end|p1a: Iron Dreads|Quark Drive|[silent]
|switch|p1a: PIVOT!!!|Rotom-Heat|100/100
|move|p2a: Amoonguss|Giga Drain|p1a: PIVOT!!!
|-resisted|p1a: PIVOT!!!
|-damage|p1a: PIVOT!!!|90/100
|-heal|p2a: Amoonguss|82/100|[from] drain|[of] p1a: PIVOT!!!
|
|upkeep
|turn|9
|
|t:|1685933367
|switch|p2a: Typhlosion|Typhlosion, M|100/100
|move|p1a: PIVOT!!!|Nasty Plot|p1a: PIVOT!!!
|-boost|p1a: PIVOT!!!|spa|2
|
|upkeep
|turn|10
|
|t:|1685933387
|-terastallize|p2a: Typhlosion|Water
|move|p1a: PIVOT!!!|Volt Switch|p2a: Typhlosion
|-supereffective|p2a: Typhlosion
|-damage|p2a: Typhlosion|0 fnt
|faint|p2a: Typhlosion
|
|t:|1685933395
|switch|p1a: Neat|Pincurchin, M|100/100|[from] Volt Switch
|-fieldstart|move: Electric Terrain|[from] ability: Electric Surge|[of] p1a: Neat
|
|upkeep
|
|t:|1685933406
|switch|p2a: Tyranitar|Tyranitar, F|100/100
|-weather|Sandstorm|[from] ability: Sand Stream|[of] p2a: Tyranitar
|turn|11
|
|t:|1685933412
|move|p2a: Tyranitar|Dragon Dance|p2a: Tyranitar
|-boost|p2a: Tyranitar|atk|1
|-boost|p2a: Tyranitar|spe|1
|move|p1a: Neat|Thunder Wave|p2a: Tyranitar
|-status|p2a: Tyranitar|par
|-enditem|p2a: Tyranitar|Lum Berry|[eat]
|-curestatus|p2a: Tyranitar|par|[msg]
|
|-weather|Sandstorm|[upkeep]
|-damage|p1a: Neat|94/100|[from] Sandstorm
|upkeep
|turn|12
|
|t:|1685933417
|move|p2a: Tyranitar|Earthquake|p1a: Neat
|-supereffective|p1a: Neat
|-damage|p1a: Neat|10/100
|move|p1a: Neat|Thunder Wave|p2a: Tyranitar
|-status|p2a: Tyranitar|par
|
|-weather|Sandstorm|[upkeep]
|-damage|p1a: Neat|4/100|[from] Sandstorm
|upkeep
|turn|13
|
|t:|1685933422
|switch|p1a: PIVOT!!!|Rotom-Heat|90/100
|move|p2a: Tyranitar|Dragon Dance|p2a: Tyranitar
|-boost|p2a: Tyranitar|atk|1
|-boost|p2a: Tyranitar|spe|1
|
|-weather|Sandstorm|[upkeep]
|-damage|p1a: PIVOT!!!|83/100|[from] Sandstorm
|upkeep
|turn|14
|
|t:|1685933430
|move|p1a: PIVOT!!!|Volt Switch|p2a: Tyranitar
|-damage|p2a: Tyranitar|85/100 par
|
|t:|1685933433
|switch|p1a: Did you know...?|Vaporeon, F|100/100|[from] Volt Switch
|move|p2a: Tyranitar|Rock Blast|p1a: Did you know...?
|-damage|p1a: Did you know...?|80/100
|-damage|p1a: Did you know...?|59/100
|-damage|p1a: Did you know...?|39/100
|-hitcount|p1a: Did you know...?|3
|
|-weather|Sandstorm|[upkeep]
|-damage|p1a: Did you know...?|32/100|[from] Sandstorm
|-heal|p1a: Did you know...?|39/100|[from] item: Leftovers
|upkeep
|turn|15
|
|t:|1685933448
|move|p1a: Did you know...?|Protect|p1a: Did you know...?
|-singleturn|p1a: Did you know...?|Protect
|move|p2a: Tyranitar|Crunch|p1a: Did you know...?
|-activate|p1a: Did you know...?|move: Protect
|
|-weather|none
|-heal|p1a: Did you know...?|45/100|[from] item: Leftovers
|upkeep
|turn|16
|
|t:|1685933456
|move|p2a: Tyranitar|Crunch|p1a: Did you know...?
|-damage|p1a: Did you know...?|0 fnt
|faint|p1a: Did you know...?
|
|upkeep
|
|t:|1685933459
|switch|p1a: PIVOT!!!|Rotom-Heat|83/100
|turn|17
|
|t:|1685933465
|move|p1a: PIVOT!!!|Overheat|p2a: Tyranitar
|-resisted|p2a: Tyranitar
|-damage|p2a: Tyranitar|62/100 par
|-unboost|p1a: PIVOT!!!|spa|2
|cant|p2a: Tyranitar|par
|
|-fieldend|move: Electric Terrain
|upkeep
|turn|18
|
|t:|1685933471
|move|p1a: PIVOT!!!|Volt Switch|p2a: Tyranitar
|-crit|p2a: Tyranitar
|-damage|p2a: Tyranitar|27/100 par
|
|t:|1685933474
|switch|p1a: Neat|Pincurchin, M|4/100|[from] Volt Switch
|-fieldstart|move: Electric Terrain|[from] ability: Electric Surge|[of] p1a: Neat
|move|p2a: Tyranitar|Rock Blast|p1a: Neat
|-damage|p1a: Neat|0 fnt
|faint|p1a: Neat
|-hitcount|p1: Neat|1
|
|upkeep
|
|t:|1685933478
|switch|p1a: Iron Leaver|Iron Leaves|92/100
|-activate|p1a: Iron Leaver|ability: Quark Drive
|-start|p1a: Iron Leaver|quarkdrivespe
|turn|19
|
|t:|1685933498
|switch|p2a: Amoonguss|Amoonguss, F|100/100
|-terastallize|p1a: Iron Leaver|Fighting
|move|p1a: Iron Leaver|Swords Dance|p1a: Iron Leaver
|-boost|p1a: Iron Leaver|atk|2
|
|upkeep
|turn|20
|
|t:|1685933507
|switch|p2a: Tyranitar|Tyranitar, F|27/100 par
|-weather|Sandstorm|[from] ability: Sand Stream|[of] p2a: Tyranitar
|move|p1a: Iron Leaver|Psyblade|p2a: Tyranitar
|-immune|p2a: Tyranitar
|
|-weather|Sandstorm|[upkeep]
|-damage|p1a: Iron Leaver|86/100|[from] Sandstorm
|upkeep
|turn|21
|
|t:|1685933517
|switch|p2a: Amoonguss|Amoonguss, F|100/100
|move|p1a: Iron Leaver|Close Combat|p2a: Amoonguss
|-resisted|p2a: Amoonguss
|-damage|p2a: Amoonguss|61/100
|-unboost|p1a: Iron Leaver|def|1
|-unboost|p1a: Iron Leaver|spd|1
|
|-weather|Sandstorm|[upkeep]
|-damage|p1a: Iron Leaver|80/100|[from] Sandstorm
|-damage|p2a: Amoonguss|55/100|[from] Sandstorm
|upkeep
|turn|22
|
|t:|1685933525
|switch|p2a: Tyranitar|Tyranitar, F|27/100 par
|move|p1a: Iron Leaver|Psyblade|p2a: Tyranitar
|-immune|p2a: Tyranitar
|
|-weather|Sandstorm|[upkeep]
|-damage|p1a: Iron Leaver|74/100|[from] Sandstorm
|upkeep
|turn|23
|
|t:|1685933531
|move|p1a: Iron Leaver|Close Combat|p2a: Tyranitar
|-supereffective|p2a: Tyranitar
|-damage|p2a: Tyranitar|0 fnt
|-unboost|p1a: Iron Leaver|def|1
|-unboost|p1a: Iron Leaver|spd|1
|faint|p2a: Tyranitar
|
|-weather|Sandstorm|[upkeep]
|-damage|p1a: Iron Leaver|67/100|[from] Sandstorm
|upkeep
|
|t:|1685933540
|switch|p2a: Mismagius|Mismagius, M|100/100
|turn|24
|
|t:|1685933546
|move|p2a: Mismagius|Shadow Ball|p1a: Iron Leaver
|-damage|p1a: Iron Leaver|1/100
|move|p1a: Iron Leaver|Psyblade|p2a: Mismagius
|-damage|p2a: Mismagius|0 fnt
|faint|p2a: Mismagius
|
|-weather|none
|upkeep
|
|t:|1685933566
|switch|p2a: Amoonguss|Amoonguss, F|88/100
|turn|25
|c| johngalt149|calculated
|
|t:|1685933568
|switch|p2a: Mabosstiff|Mabosstiff, F|100/100
|-ability|p2a: Mabosstiff|Intimidate|boost
|-unboost|p1a: Iron Leaver|atk|1
|move|p1a: Iron Leaver|Psyblade|p2a: Mabosstiff
|-immune|p2a: Mabosstiff
|
|-fieldend|move: Electric Terrain
|-end|p1a: Iron Leaver|Quark Drive
|upkeep
|turn|26
|
|t:|1685933577
|switch|p2a: Amoonguss|Amoonguss, F|100/100
|move|p1a: Iron Leaver|Close Combat|p2a: Amoonguss
|-resisted|p2a: Amoonguss
|-damage|p2a: Amoonguss|67/100
|-unboost|p1a: Iron Leaver|def|1
|-unboost|p1a: Iron Leaver|spd|1
|
|upkeep
|turn|27
|
|t:|1685933586
|move|p1a: Iron Leaver|Psyblade|p2a: Amoonguss
|-supereffective|p2a: Amoonguss
|-damage|p2a: Amoonguss|0 fnt
|faint|p2a: Amoonguss
|
|upkeep
|
|t:|1685933588
|switch|p2a: Mabosstiff|Mabosstiff, F|100/100
|-ability|p2a: Mabosstiff|Intimidate|boost
|-unboost|p1a: Iron Leaver|atk|1
|turn|28
|
|t:|1685933593
|move|p1a: Iron Leaver|Close Combat|p2a: Mabosstiff
|-supereffective|p2a: Mabosstiff
|-damage|p2a: Mabosstiff|0 fnt
|-unboost|p1a: Iron Leaver|def|1
|-unboost|p1a: Iron Leaver|spd|1
|faint|p2a: Mabosstiff
|
|upkeep
|
|t:|1685933595
|switch|p2a: Cloyster|Cloyster, F|52/100
|turn|29
|
|t:|1685933599
|move|p1a: Iron Leaver|Close Combat|p2a: Cloyster
|-supereffective|p2a: Cloyster
|-damage|p2a: Cloyster|0 fnt
|-unboost|p1a: Iron Leaver|def|1
|-unboost|p1a: Iron Leaver|spd|1
|faint|p2a: Cloyster
|
|win|Paghetti Mash
|c|☆SPACEDUDE360000|ggwp
|c|☆Paghetti Mash|Ggwp
|c|☆SPACEDUDE360000|what hp does it have?
|c|☆SPACEDUDE360000|is it 1?
