|j|☆uBezin
|j|☆Granny Pie
|t:|1685820885
|gametype|singles
|player|p1|uBezin|elesa-masters|1509
|player|p2|Granny Pie|medium|1604
|teamsize|p1|6
|teamsize|p2|6
|gen|9
|tier|[Gen 9] OU
|rated|
|rule|Sleep Clause Mod: Limit one foe put to sleep
|rule|Species Clause: Limit one of each Pokémon
|rule|OHKO Clause: OHKO moves are banned
|rule|Evasion Items Clause: Evasion items are banned
|rule|Evasion Moves Clause: Evasion moves are banned
|rule|Endless Battle Clause: Forcing endless battles is banned
|rule|HP Percentage Mod: HP is shown in percentages
|clearpoke
|poke|p1|Magearna|
|poke|p1|Grimmsnarl, M|
|poke|p1|Sneasler, F|
|poke|p1|Landorus-Therian, M|
|poke|p1|Skeledirge, M|
|poke|p1|Volcanion|
|poke|p2|Magearna|
|poke|p2|Drifblim, M|
|poke|p2|Clodsire, F|
|poke|p2|Skeledirge, F|
|poke|p2|Toxapex, M|
|poke|p2|Blissey, F|
|teampreview
|inactive|Battle timer is ON: inactive players will automatically lose when time's up. (requested by Granny Pie)
|
|t:|1685820897
|start
|switch|p1a: Grimmsnarl|Grimmsnarl, M|100/100
|switch|p2a: Toxapex|Toxapex, M|100/100
|turn|1
|
|t:|1685820901
|move|p1a: Grimmsnarl|Taunt|p2a: Toxapex
|-start|p2a: Toxapex|move: Taunt
|cant|p2a: Toxapex|move: Taunt|Toxic
|
|upkeep
|turn|2
|
|t:|1685820907
|switch|p2a: Magearna|Magearna|100/100
|move|p1a: Grimmsnarl|Parting Shot|p2a: Magearna
|-unboost|p2a: Magearna|atk|1
|-unboost|p2a: Magearna|spa|1
|
|t:|1685820914
|switch|p1a: Volcanion|Volcanion|100/100|[from] Parting Shot
|
|upkeep
|turn|3
|
|t:|1685820921
|switch|p2a: Toxapex|Toxapex, M|100/100
|move|p1a: Volcanion|Earth Power|p2a: Toxapex
|-supereffective|p2a: Toxapex
|-damage|p2a: Toxapex|44/100
|
|upkeep
|turn|4
|
|t:|1685820931
|switch|p2a: Blissey|Blissey, F|100/100
|move|p1a: Volcanion|Steam Eruption|p2a: Blissey
|-damage|p2a: Blissey|82/100
|
|upkeep
|turn|5
|
|t:|1685820938
|switch|p1a: Magearna|Magearna|100/100
|move|p2a: Blissey|Stealth Rock|p1a: Magearna
|-sidestart|p1: uBezin|move: Stealth Rock
|
|upkeep
|turn|6
|
|t:|1685820943
|switch|p1a: Landorus|Landorus-Therian, M|100/100
|-damage|p1a: Landorus|88/100|[from] Stealth Rock
|-ability|p1a: Landorus|Intimidate|boost
|-unboost|p2a: Blissey|atk|1
|switch|p2a: Clodsire|Clodsire, F|100/100
|
|-heal|p1a: Landorus|94/100|[from] item: Leftovers
|upkeep
|turn|7
|
|t:|1685820951
|switch|p2a: Drifblim|Drifblim, M|100/100
|move|p1a: Landorus|Earthquake|p2a: Drifblim
|-immune|p2a: Drifblim
|
|-heal|p1a: Landorus|99/100|[from] item: Leftovers
|upkeep
|turn|8
|
|t:|1685820955
|move|p2a: Drifblim|Will-O-Wisp|p1a: Landorus|[miss]
|-miss|p2a: Drifblim|p1a: Landorus
|move|p1a: Landorus|Stealth Rock|p2a: Drifblim
|-sidestart|p2: Granny Pie|move: Stealth Rock
|
|-heal|p1a: Landorus|100/100|[from] item: Leftovers
|upkeep
|turn|9
|
|t:|1685820962
|switch|p1a: Volcanion|Volcanion|100/100
|move|p2a: Drifblim|Will-O-Wisp|p1a: Volcanion
|-immune|p1a: Volcanion
|
|upkeep
|turn|10
|
|t:|1685820976
|switch|p2a: Blissey|Blissey, F|82/100
|switch|p1a: Sneasler|Sneasler, F|100/100
|-damage|p1a: Sneasler|95/100|[from] Stealth Rock
|
|upkeep
|turn|11
|
|t:|1685820981
|switch|p2a: Drifblim|Drifblim, M|100/100
|move|p1a: Sneasler|Dire Claw|p2a: Drifblim
|-resisted|p2a: Drifblim
|-damage|p2a: Drifblim|84/100
|
|upkeep
|turn|12
|
|t:|1685820991
|switch|p1a: Grimmsnarl|Grimmsnarl, M|100/100
|-damage|p1a: Grimmsnarl|88/100|[from] Stealth Rock
|move|p2a: Drifblim|Will-O-Wisp|p1a: Grimmsnarl
|-status|p1a: Grimmsnarl|brn
|
|-damage|p1a: Grimmsnarl|82/100 brn|[from] brn
|upkeep
|turn|13
|
|t:|1685821001
|switch|p2a: Toxapex|Toxapex, M|77/100
|move|p1a: Grimmsnarl|Light Screen|p1a: Grimmsnarl
|-sidestart|p1: uBezin|move: Light Screen
|
|-damage|p1a: Grimmsnarl|76/100 brn|[from] brn
|upkeep
|turn|14
|
|t:|1685821006
|move|p1a: Grimmsnarl|Parting Shot|p2a: Toxapex
|-unboost|p2a: Toxapex|atk|1
|-unboost|p2a: Toxapex|spa|1
|
|t:|1685821012
|switch|p1a: Magearna|Magearna|100/100|[from] Parting Shot
|-damage|p1a: Magearna|95/100|[from] Stealth Rock
|move|p2a: Toxapex|Toxic Spikes|p1a: Magearna
|-sidestart|p1: uBezin|move: Toxic Spikes
|
|-heal|p1a: Magearna|100/100|[from] item: Leftovers
|upkeep
|turn|15
|
|t:|1685821016
|move|p1a: Magearna|Calm Mind|p1a: Magearna
|-boost|p1a: Magearna|spa|1
|-boost|p1a: Magearna|spd|1
|move|p2a: Toxapex|Haze|p2a: Toxapex
|-clearallboost
|
|upkeep
|turn|16
|
|t:|1685821021
|move|p1a: Magearna|Calm Mind|p1a: Magearna
|-boost|p1a: Magearna|spa|1
|-boost|p1a: Magearna|spd|1
|move|p2a: Toxapex|Haze|p2a: Toxapex
|-clearallboost
|
|upkeep
|turn|17
|
|t:|1685821032
|move|p1a: Magearna|Calm Mind|p1a: Magearna
|-boost|p1a: Magearna|spa|1
|-boost|p1a: Magearna|spd|1
|move|p2a: Toxapex|Haze|p2a: Toxapex
|-clearallboost
|
|upkeep
|turn|18
|
|t:|1685821033
|switch|p1a: Sneasler|Sneasler, F|95/100
|-damage|p1a: Sneasler|89/100|[from] Stealth Rock
|-sideend|p1: uBezin|move: Toxic Spikes|[of] p1a: Sneasler
|move|p2a: Toxapex|Haze|p2a: Toxapex
|-clearallboost
|
|upkeep
|turn|19
|
|t:|1685821046
|move|p1a: Sneasler|Swords Dance|p1a: Sneasler
|-boost|p1a: Sneasler|atk|2
|move|p2a: Toxapex|Toxic Spikes|p1a: Sneasler
|-sidestart|p1: uBezin|move: Toxic Spikes
|
|upkeep
|turn|20
|
|t:|1685821050
|move|p1a: Sneasler|Dire Claw|p2a: Toxapex
|-resisted|p2a: Toxapex
|-damage|p2a: Toxapex|48/100
|-status|p2a: Toxapex|par
|move|p2a: Toxapex|Toxic Spikes|p1a: Sneasler
|-sidestart|p1: uBezin|move: Toxic Spikes
|
|-sideend|p1: uBezin|move: Light Screen
|upkeep
|turn|21
|
|t:|1685821057
|switch|p2a: Skeledirge|Skeledirge, F|100/100
|move|p1a: Sneasler|Dire Claw|p2a: Skeledirge
|-resisted|p2a: Skeledirge
|-damage|p2a: Skeledirge|88/100
|-status|p2a: Skeledirge|par
|
|upkeep
|turn|22
|
|t:|1685821067
|switch|p1a: Skeledirge|Skeledirge, M|100/100
|move|p2a: Skeledirge|Will-O-Wisp|p1a: Skeledirge
|-immune|p1a: Skeledirge
|
|upkeep
|turn|23
|
|t:|1685821075
|switch|p1a: Sneasler|Sneasler, F|89/100
|-damage|p1a: Sneasler|83/100|[from] Stealth Rock
|-sideend|p1: uBezin|move: Toxic Spikes|[of] p1a: Sneasler
|switch|p2a: Blissey|Blissey, F|82/100
|
|upkeep
|turn|24
|
|t:|1685821086
|switch|p1a: Volcanion|Volcanion|100/100
|switch|p2a: Skeledirge|Skeledirge, F|88/100 par
|
|upkeep
|turn|25
|
|t:|1685821090
|switch|p2a: Blissey|Blissey, F|82/100
|move|p1a: Volcanion|Steam Eruption|p2a: Blissey
|-damage|p2a: Blissey|65/100
|
|upkeep
|turn|26
|
|t:|1685821101
|switch|p1a: Magearna|Magearna|100/100
|-damage|p1a: Magearna|95/100|[from] Stealth Rock
|move|p2a: Blissey|Heal Bell|p2a: Blissey
|-activate|p2a: Blissey|move: Heal Bell
|-curestatus|p2: Skeledirge|par|[msg]
|-curestatus|p2: Toxapex|par|[msg]
|
|-heal|p1a: Magearna|100/100|[from] item: Leftovers
|upkeep
|turn|27
|
|t:|1685821111
|switch|p2a: Clodsire|Clodsire, F|100/100
|move|p1a: Magearna|Calm Mind|p1a: Magearna
|-boost|p1a: Magearna|spa|1
|-boost|p1a: Magearna|spd|1
|
|upkeep
|turn|28
|inactive|uBezin has 120 seconds left.
|
|t:|1685821167
|-terastallize|p2a: Clodsire|Flying
|move|p1a: Magearna|Calm Mind|p1a: Magearna
|-boost|p1a: Magearna|spa|1
|-boost|p1a: Magearna|spd|1
|move|p2a: Clodsire|Earthquake|p1a: Magearna
|-supereffective|p1a: Magearna
|-damage|p1a: Magearna|48/100
|
|-heal|p1a: Magearna|54/100|[from] item: Leftovers
|upkeep
|turn|29
|
|t:|1685821174
|-terastallize|p1a: Magearna|Water
|move|p1a: Magearna|Stored Power|p2a: Clodsire
|-damage|p2a: Clodsire|82/100
|move|p2a: Clodsire|Earthquake|p1a: Magearna
|-damage|p1a: Magearna|25/100
|
|-heal|p1a: Magearna|31/100|[from] item: Leftovers
|upkeep
|turn|30
|-message|uBezin forfeited.
|
|win|Granny Pie
|raw|uBezin's rating: 1509 → 1494(-15 for losing)
|raw|Granny Pie's rating: 1604 → 1619(+15 for winning)
|l|☆uBezin
