|j|‽kaiki177
|j|☆OUDJ UU to Suspect
|t:|1683993948
|gametype|singles
|player|p1|kaiki177|lucas|1946
|player|p2|OUDJ UU to Suspect|gardenia|2074
|teamsize|p1|6
|teamsize|p2|6
|gen|9
|tier|[Gen 9] OU
|rated|
|rule|Sleep Clause Mod: Limit one foe put to sleep
|rule|Species Clause: Limit one of each Pokémon
|rule|OHKO Clause: OHKO moves are banned
|rule|Evasion Items Clause: Evasion items are banned
|rule|Evasion Moves Clause: Evasion moves are banned
|rule|Endless Battle Clause: Forcing endless battles is banned
|rule|HP Percentage Mod: HP is shown in percentages
|clearpoke
|poke|p1|Kingambit, M|
|poke|p1|Garchomp, F|
|poke|p1|Iron Valiant|
|poke|p1|Hydreigon, F|
|poke|p1|Azumarill, F|
|poke|p1|Amoonguss, F|
|poke|p2|Pelipper, M|
|poke|p2|Floatzel, F|
|poke|p2|Azumarill, F|
|poke|p2|Golduck, F|
|poke|p2|Pawmot, M|
|poke|p2|Toedscruel, M|
|teampreview
|inactive|Battle timer is ON: inactive players will automatically lose when time's up. (requested by kaiki177)
|
|t:|1683993958
|start
|switch|p1a: Garchomp|Garchomp, F|100/100
|switch|p2a: Spaghetti Memory|Toedscruel, M|100/100
|turn|1
|
|t:|1683993961
|move|p1a: Garchomp|Earthquake|p2a: Spaghetti Memory
|-resisted|p2a: Spaghetti Memory
|-damage|p2a: Spaghetti Memory|62/100
|move|p2a: Spaghetti Memory|Spikes|p1a: Garchomp
|-sidestart|p1: kaiki177|Spikes
|
|upkeep
|turn|2
|
|t:|1683993966
|move|p1a: Garchomp|Earthquake|p2a: Spaghetti Memory
|-resisted|p2a: Spaghetti Memory
|-damage|p2a: Spaghetti Memory|25/100
|move|p2a: Spaghetti Memory|Spore|p1a: Garchomp
|-status|p1a: Garchomp|slp|[from] move: Spore
|
|upkeep
|turn|3
|
|t:|1683993969
|switch|p2a: Ghoti carrier|Pelipper, M|100/100
|-weather|RainDance|[from] ability: Drizzle|[of] p2a: Ghoti carrier
|cant|p1a: Garchomp|slp
|
|-weather|RainDance|[upkeep]
|upkeep
|turn|4
|
|t:|1683993970
|switch|p2a: Seaking Duck|Golduck, F|100/100
|-curestatus|p1a: Garchomp|slp|[msg]
|move|p1a: Garchomp|Draco Meteor|p2a: Seaking Duck
|-damage|p2a: Seaking Duck|29/100
|-unboost|p1a: Garchomp|spa|2
|
|-weather|RainDance|[upkeep]
|upkeep
|turn|5
|
|t:|1683993976
|move|p2a: Seaking Duck|Ice Beam|p1a: Garchomp
|-supereffective|p1a: Garchomp
|-crit|p1a: Garchomp
|-enditem|p1a: Garchomp|Focus Sash
|-damage|p1a: Garchomp|1/100
|-damage|p2a: Seaking Duck|19/100|[from] item: Life Orb
|move|p1a: Garchomp|Earthquake|p2a: Seaking Duck
|-damage|p2a: Seaking Duck|0 fnt
|faint|p2a: Seaking Duck
|
|-weather|RainDance|[upkeep]
|upkeep
|
|t:|1683993986
|switch|p2a: The Goat|Azumarill, F|100/100
|turn|6
|
|t:|1683993988
|move|p2a: The Goat|Aqua Jet|p1a: Garchomp
|-damage|p1a: Garchomp|0 fnt
|-damage|p2a: The Goat|88/100|[from] ability: Rough Skin|[of] p1a: Garchomp
|faint|p1a: Garchomp
|
|-weather|RainDance|[upkeep]
|upkeep
|
|t:|1683993991
|switch|p1a: Amoonguss|Amoonguss, F|100/100
|-damage|p1a: Amoonguss|88/100|[from] Spikes
|turn|7
|j| tarrega
|
|t:|1683993993
|switch|p2a: Spaghetti Memory|Toedscruel, M|25/100
|move|p1a: Amoonguss|Leaf Storm|p2a: Spaghetti Memory
|-damage|p2a: Spaghetti Memory|1/100
|-unboost|p1a: Amoonguss|spa|2
|-enditem|p1a: Amoonguss|Eject Pack
|
|t:|1683994001
|switch|p1a: Hydreigon|Hydreigon, F|100/100
|
|-weather|RainDance|[upkeep]
|upkeep
|turn|8
|
|t:|1683994004
|switch|p2a: Really want eject|Pawmot, M|100/100
|move|p1a: Hydreigon|Substitute|p1a: Hydreigon
|-start|p1a: Hydreigon|Substitute
|-damage|p1a: Hydreigon|75/100
|
|-weather|RainDance|[upkeep]
|-heal|p1a: Hydreigon|82/100|[from] item: Leftovers
|upkeep
|turn|9
|
|t:|1683994008
|move|p2a: Really want eject|Encore|p1a: Hydreigon
|-start|p1a: Hydreigon|Encore
|move|p1a: Hydreigon|Substitute|p1a: Hydreigon
|-fail|p1a: Hydreigon|move: Substitute
|
|-weather|RainDance|[upkeep]
|-heal|p1a: Hydreigon|88/100|[from] item: Leftovers
|upkeep
|turn|10
|
|t:|1683994011
|move|p2a: Really want eject|Nuzzle|p1a: Hydreigon
|-resisted|p1a: Hydreigon
|-activate|p1a: Hydreigon|move: Substitute|[damage]
|move|p1a: Hydreigon|Substitute|p1a: Hydreigon
|-fail|p1a: Hydreigon|move: Substitute
|
|-weather|none
|-heal|p1a: Hydreigon|94/100|[from] item: Leftovers
|upkeep
|turn|11
|
|t:|1683994013
|move|p2a: Really want eject|Revival Blessing|p2a: Really want eject
|-enditem|p2a: Really want eject|Leppa Berry|[eat]
|-activate|p2a: Really want eject|item: Leppa Berry|Revival Blessing|[consumed]
|
|t:|1683994015
|-heal|p2: Seaking Duck|50/100|[from] move: Revival Blessing
|move|p1a: Hydreigon|Substitute|p1a: Hydreigon
|-fail|p1a: Hydreigon|move: Substitute
|
|-heal|p1a: Hydreigon|100/100|[from] item: Leftovers
|-end|p1a: Hydreigon|Encore
|upkeep
|turn|12
|
|t:|1683994018
|move|p2a: Really want eject|Encore|p1a: Hydreigon
|-start|p1a: Hydreigon|Encore
|move|p1a: Hydreigon|Substitute|p1a: Hydreigon
|-fail|p1a: Hydreigon|move: Substitute
|
|upkeep
|turn|13
|
|t:|1683994021
|switch|p2a: Ghoti carrier|Pelipper, M|100/100
|-weather|RainDance|[from] ability: Drizzle|[of] p2a: Ghoti carrier
|move|p1a: Hydreigon|Substitute|p1a: Hydreigon
|-fail|p1a: Hydreigon|move: Substitute
|
|-weather|RainDance|[upkeep]
|upkeep
|turn|14
|
|t:|1683994023
|move|p1a: Hydreigon|Substitute|p1a: Hydreigon
|-fail|p1a: Hydreigon|move: Substitute
|move|p2a: Ghoti carrier|U-turn|p1a: Hydreigon
|-supereffective|p1a: Hydreigon
|-activate|p1a: Hydreigon|move: Substitute|[damage]
|
|t:|1683994026
|switch|p2a: Really want eject|Pawmot, M|100/100|[from] U-turn
|
|-weather|RainDance|[upkeep]
|-end|p1a: Hydreigon|Encore
|upkeep
|turn|15
|
|t:|1683994029
|move|p2a: Really want eject|Encore|p1a: Hydreigon
|-start|p1a: Hydreigon|Encore
|move|p1a: Hydreigon|Substitute|p1a: Hydreigon
|-fail|p1a: Hydreigon|move: Substitute
|
|-weather|RainDance|[upkeep]
|upkeep
|turn|16
|
|t:|1683994034
|switch|p2a: Ghoti carrier|Pelipper, M|100/100
|move|p1a: Hydreigon|Substitute|p1a: Hydreigon
|-fail|p1a: Hydreigon|move: Substitute
|
|-weather|RainDance|[upkeep]
|upkeep
|turn|17
|
|t:|1683994036
|move|p1a: Hydreigon|Substitute|p1a: Hydreigon
|-fail|p1a: Hydreigon|move: Substitute
|move|p2a: Ghoti carrier|U-turn|p1a: Hydreigon
|-supereffective|p1a: Hydreigon
|-end|p1a: Hydreigon|Substitute
|
|t:|1683994039
|switch|p2a: The Goat|Azumarill, F|88/100|[from] U-turn
|
|-weather|RainDance|[upkeep]
|-end|p1a: Hydreigon|Encore
|upkeep
|turn|18
|
|t:|1683994043
|switch|p1a: Amoonguss|Amoonguss, F|100/100
|-damage|p1a: Amoonguss|88/100|[from] Spikes
|move|p2a: The Goat|Play Rough|p1a: Amoonguss
|-resisted|p1a: Amoonguss
|-damage|p1a: Amoonguss|68/100
|
|-weather|RainDance|[upkeep]
|upkeep
|turn|19
|
|t:|1683994048
|switch|p2a: Spaghetti Memory|Toedscruel, M|1/100
|move|p1a: Amoonguss|Sludge Bomb|p2a: Spaghetti Memory
|-damage|p2a: Spaghetti Memory|0 fnt
|faint|p2a: Spaghetti Memory
|
|-weather|RainDance|[upkeep]
|upkeep
|
|t:|1683994052
|switch|p2a: BandedSkewda|Floatzel, F|100/100
|turn|20
|
|t:|1683994058
|-terastallize|p2a: BandedSkewda|Water
|move|p2a: BandedSkewda|Wave Crash|p1a: Amoonguss
|-resisted|p1a: Amoonguss
|-damage|p1a: Amoonguss|5/100
|-damage|p2a: BandedSkewda|74/100|[from] Recoil
|move|p1a: Amoonguss|Leaf Storm|p2a: BandedSkewda
|-supereffective|p2a: BandedSkewda
|-damage|p2a: BandedSkewda|0 fnt
|-unboost|p1a: Amoonguss|spa|2
|faint|p2a: BandedSkewda
|
|-weather|none
|upkeep
|
|t:|1683994063
|switch|p2a: Ghoti carrier|Pelipper, M|100/100
|-weather|RainDance|[from] ability: Drizzle|[of] p2a: Ghoti carrier
|turn|21
|
|t:|1683994066
|move|p2a: Ghoti carrier|U-turn|p1a: Amoonguss
|-damage|p1a: Amoonguss|0 fnt
|faint|p1a: Amoonguss
|
|t:|1683994069
|switch|p2a: Seaking Duck|Golduck, F|50/100|[from] U-turn
|
|-weather|RainDance|[upkeep]
|upkeep
|
|t:|1683994077
|switch|p1a: Kingambit|Kingambit, M|100/100
|-damage|p1a: Kingambit|88/100|[from] Spikes
|-activate|p1a: Kingambit|ability: Supreme Overlord
|-start|p1a: Kingambit|fallen2|[silent]
|turn|22
|
|t:|1683994080
|switch|p2a: Really want eject|Pawmot, M|100/100
|move|p1a: Kingambit|Sucker Punch||[still]
|-fail|p1a: Kingambit
|
|-weather|RainDance|[upkeep]
|-heal|p1a: Kingambit|94/100|[from] item: Leftovers
|upkeep
|turn|23
|
|t:|1683994088
|-end|p1a: Kingambit|fallen2|[silent]
|switch|p1a: Azumarill|Azumarill, F|100/100
|-damage|p1a: Azumarill|88/100|[from] Spikes
|move|p2a: Really want eject|Revival Blessing|p2a: Really want eject
|
|t:|1683994089
|-heal|p2: BandedSkewda|50/100|[from] move: Revival Blessing
|
|-weather|RainDance|[upkeep]
|upkeep
|turn|24
|
|t:|1683994092
|move|p2a: Really want eject|Nuzzle|p1a: Azumarill
|-supereffective|p1a: Azumarill
|-damage|p1a: Azumarill|68/100
|-status|p1a: Azumarill|par
|move|p1a: Azumarill|Liquidation|p2a: Really want eject
|-damage|p2a: Really want eject|0 fnt
|faint|p2a: Really want eject
|
|-weather|RainDance|[upkeep]
|upkeep
|
|t:|1683994100
|switch|p2a: The Goat|Azumarill, F|88/100
|turn|25
|
|t:|1683994102
|move|p2a: The Goat|Play Rough|p1a: Azumarill
|-damage|p1a: Azumarill|4/100 par
|move|p1a: Azumarill|Liquidation|p2a: The Goat
|-resisted|p2a: The Goat
|-damage|p2a: The Goat|23/100
|-enditem|p2a: The Goat|Sitrus Berry|[eat]
|-heal|p2a: The Goat|48/100|[from] item: Sitrus Berry
|
|-weather|RainDance|[upkeep]
|upkeep
|turn|26
|
|t:|1683994109
|move|p2a: The Goat|Aqua Jet|p1a: Azumarill
|-resisted|p1a: Azumarill
|-damage|p1a: Azumarill|0 fnt
|faint|p1a: Azumarill
|
|-weather|RainDance|[upkeep]
|upkeep
|
|t:|1683994115
|switch|p1a: Iron Valiant|Iron Valiant|100/100
|-damage|p1a: Iron Valiant|88/100|[from] Spikes
|-enditem|p1a: Iron Valiant|Booster Energy
|-activate|p1a: Iron Valiant|ability: Quark Drive|[fromitem]
|-start|p1a: Iron Valiant|quarkdrivespe
|turn|27
|
|t:|1683994130
|switch|p2a: Seaking Duck|Golduck, F|50/100
|move|p1a: Iron Valiant|Thunderbolt|p2a: Seaking Duck
|-supereffective|p2a: Seaking Duck
|-damage|p2a: Seaking Duck|0 fnt
|faint|p2a: Seaking Duck
|
|-weather|RainDance|[upkeep]
|upkeep
|
|t:|1683994132
|switch|p2a: BandedSkewda|Floatzel, F|50/100
|turn|28
|
|t:|1683994148
|move|p2a: BandedSkewda|Liquidation|p1a: Iron Valiant
|-damage|p1a: Iron Valiant|0 fnt
|faint|p1a: Iron Valiant
|-end|p1a: Iron Valiant|Quark Drive|[silent]
|
|-weather|none
|upkeep
|
|t:|1683994152
|switch|p1a: Hydreigon|Hydreigon, F|100/100
|turn|29
|
|t:|1683994153
|switch|p2a: Ghoti carrier|Pelipper, M|100/100
|-weather|RainDance|[from] ability: Drizzle|[of] p2a: Ghoti carrier
|move|p1a: Hydreigon|Dark Pulse|p2a: Ghoti carrier
|-damage|p2a: Ghoti carrier|55/100
|
|-weather|RainDance|[upkeep]
|upkeep
|turn|30
|
|t:|1683994160
|switch|p2a: The Goat|Azumarill, F|48/100
|move|p1a: Hydreigon|Substitute|p1a: Hydreigon
|-start|p1a: Hydreigon|Substitute
|-damage|p1a: Hydreigon|75/100
|
|-weather|RainDance|[upkeep]
|-heal|p1a: Hydreigon|82/100|[from] item: Leftovers
|upkeep
|turn|31
|
|t:|1683994179
|move|p1a: Hydreigon|Earth Power|p2a: The Goat
|-damage|p2a: The Goat|14/100
|move|p2a: The Goat|Liquidation|p1a: Hydreigon
|-resisted|p1a: Hydreigon
|-end|p1a: Hydreigon|Substitute
|
|-weather|RainDance|[upkeep]
|-heal|p1a: Hydreigon|88/100|[from] item: Leftovers
|upkeep
|turn|32
|
|t:|1683994187
|move|p2a: The Goat|Aqua Jet|p1a: Hydreigon
|-resisted|p1a: Hydreigon
|-damage|p1a: Hydreigon|68/100
|move|p1a: Hydreigon|Substitute|p1a: Hydreigon
|-start|p1a: Hydreigon|Substitute
|-damage|p1a: Hydreigon|43/100
|
|-weather|RainDance|[upkeep]
|-heal|p1a: Hydreigon|49/100|[from] item: Leftovers
|upkeep
|turn|33
|
|t:|1683994192
|move|p1a: Hydreigon|Earth Power|p2a: The Goat
|-damage|p2a: The Goat|0 fnt
|faint|p2a: The Goat
|
|-weather|RainDance|[upkeep]
|-heal|p1a: Hydreigon|55/100|[from] item: Leftovers
|upkeep
|
|t:|1683994193
|switch|p2a: Ghoti carrier|Pelipper, M|55/100
|turn|34
|
|t:|1683994203
|-terastallize|p1a: Hydreigon|Steel
|move|p1a: Hydreigon|Dark Pulse|p2a: Ghoti carrier
|-damage|p2a: Ghoti carrier|12/100
|move|p2a: Ghoti carrier|Roost|p2a: Ghoti carrier
|-heal|p2a: Ghoti carrier|62/100
|-singleturn|p2a: Ghoti carrier|move: Roost
|
|-weather|RainDance|[upkeep]
|-heal|p1a: Hydreigon|62/100|[from] item: Leftovers
|upkeep
|turn|35
|
|t:|1683994210
|move|p1a: Hydreigon|Dark Pulse|p2a: Ghoti carrier
|-damage|p2a: Ghoti carrier|18/100
|move|p2a: Ghoti carrier|Roost|p2a: Ghoti carrier
|-heal|p2a: Ghoti carrier|68/100
|-singleturn|p2a: Ghoti carrier|move: Roost
|
|-weather|RainDance|[upkeep]
|-heal|p1a: Hydreigon|68/100|[from] item: Leftovers
|upkeep
|turn|36
|
|t:|1683994215
|move|p1a: Hydreigon|Dark Pulse|p2a: Ghoti carrier
|-damage|p2a: Ghoti carrier|21/100
|cant|p2a: Ghoti carrier|flinch
|
|-weather|none
|-heal|p1a: Hydreigon|74/100|[from] item: Leftovers
|upkeep
|turn|37
|-message|OUDJ UU to Suspect forfeited.
|
|win|kaiki177
|raw|kaiki177's rating: 1946 → 1973(+27 for winning)
|raw|OUDJ UU to Suspect's rating: 2074 → 2047(-27 for losing)
|l|☆OUDJ UU to Suspect
|l| tarrega
