|j|☆LaBaleada
|j|☆yiyiha
|t:|1685868662
|gametype|singles
|player|p1|LaBaleada|101|1767
|player|p2|yiyiha|265|1628
|teamsize|p1|6
|teamsize|p2|6
|gen|9
|tier|[Gen 9] OU
|rated|
|rule|Sleep Clause Mod: Limit one foe put to sleep
|rule|Species Clause: Limit one of each Pokémon
|rule|OHKO Clause: OHKO moves are banned
|rule|Evasion Items Clause: Evasion items are banned
|rule|Evasion Moves Clause: Evasion moves are banned
|rule|Endless Battle Clause: Forcing endless battles is banned
|rule|HP Percentage Mod: HP is shown in percentages
|clearpoke
|poke|p1|Urshifu-*, F|
|poke|p1|Samurott-Hisui, F|
|poke|p1|Landorus-Therian, M|
|poke|p1|Hoopa-Unbound|
|poke|p1|Dondozo, F|
|poke|p1|Chien-Pao|
|poke|p2|Chien-Pao|
|poke|p2|Breloom, F|
|poke|p2|Baxcalibur, M|
|poke|p2|Great Tusk|
|poke|p2|Magearna|
|poke|p2|Zamazenta-*|
|teampreview
|inactive|Battle timer is ON: inactive players will automatically lose when time's up. (requested by yiyiha)
|inactive|LaBaleada has 120 seconds left.
|
|t:|1685868710
|start
|switch|p1a: Samurott|Samurott-Hisui, F|100/100
|switch|p2a: Chien-Pao|Chien-Pao|100/100
|-ability|p2a: Chien-Pao|Sword of Ruin
|turn|1
|
|t:|1685868730
|-terastallize|p2a: Chien-Pao|Fighting
|move|p2a: Chien-Pao|Sacred Sword|p1a: Samurott
|-supereffective|p1a: Samurott
|-enditem|p1a: Samurott|Focus Sash
|-damage|p1a: Samurott|1/100
|move|p1a: Samurott|Sacred Sword|p2a: Chien-Pao
|-damage|p2a: Chien-Pao|33/100
|
|upkeep
|turn|2
|
|t:|1685868748
|move|p2a: Chien-Pao|Ice Shard|p1a: Samurott
|-resisted|p1a: Samurott
|-damage|p1a: Samurott|0 fnt
|faint|p1a: Samurott
|
|upkeep
|
|t:|1685868754
|switch|p1a: Chien-Pao|Chien-Pao|100/100
|-ability|p1a: Chien-Pao|Sword of Ruin
|turn|3
|
|t:|1685868762
|move|p1a: Chien-Pao|Ice Shard|p2a: Chien-Pao
|-damage|p2a: Chien-Pao|0 fnt
|faint|p2a: Chien-Pao
|
|upkeep
|
|t:|1685868768
|switch|p2a: Breloom|Breloom, F|100/100
|turn|4
|
|t:|1685868774
|move|p1a: Chien-Pao|Ice Shard|p2a: Breloom
|-supereffective|p2a: Breloom
|-damage|p2a: Breloom|0 fnt
|faint|p2a: Breloom
|
|upkeep
|
|t:|1685868780
|switch|p2a: Magearna|Magearna|100/100
|turn|5
|
|t:|1685868783
|switch|p1a: Urshifu|Urshifu-Rapid-Strike, F|100/100
|move|p2a: Magearna|Shift Gear|p2a: Magearna
|-boost|p2a: Magearna|spe|2
|-boost|p2a: Magearna|atk|1
|-enditem|p1a: Urshifu|Mirror Herb
|-boost|p1a: Urshifu|spe|2|[from] item: Mirror Herb
|-boost|p1a: Urshifu|atk|1|[from] item: Mirror Herb
|
|upkeep
|turn|6
|
|t:|1685868795
|-terastallize|p1a: Urshifu|Water
|move|p1a: Urshifu|Surging Strikes|p2a: Magearna
|-crit|p2a: Magearna
|-damage|p2a: Magearna|68/100
|-crit|p2a: Magearna
|-damage|p2a: Magearna|35/100
|-crit|p2a: Magearna
|-damage|p2a: Magearna|0 fnt
|faint|p2a: Magearna
|-hitcount|p2: Magearna|3
|
|upkeep
|-message|yiyiha forfeited.
|
|win|LaBaleada
|raw|LaBaleada's rating: 1767 → 1779(+12 for winning)
|raw|yiyiha's rating: 1628 → 1616(-12 for losing)
|l|☆yiyiha
