|j|☆Fatty No.1
|j|☆treeofoak
|t:|1685916516
|gametype|singles
|player|p1|Fatty No.1|psychic-gen4|1276
|player|p2|treeofoak|pokemaniac|1290
|teamsize|p1|6
|teamsize|p2|6
|gen|9
|tier|[Gen 9] OU
|rated|
|rule|Sleep Clause Mod: Limit one foe put to sleep
|rule|Species Clause: Limit one of each Pokémon
|rule|OHKO Clause: OHKO moves are banned
|rule|Evasion Items Clause: Evasion items are banned
|rule|Evasion Moves Clause: Evasion moves are banned
|rule|Endless Battle Clause: Forcing endless battles is banned
|rule|HP Percentage Mod: HP is shown in percentages
|clearpoke
|poke|p1|Indeedee, M|
|poke|p1|Hatterene, F|
|poke|p1|Cinderace, M|
|poke|p1|Polteageist|
|poke|p1|Hawlucha, M|
|poke|p1|Sneasler, M|
|poke|p2|Walking Wake|
|poke|p2|Torkoal, M|
|poke|p2|Great Tusk|
|poke|p2|Arcanine-Hisui, M|
|poke|p2|Zoroark-Hisui, M|
|poke|p2|Heatran, F|
|teampreview
|inactive|Battle timer is ON: inactive players will automatically lose when time's up. (requested by Fatty No.1)
|
|t:|1685916530
|start
|switch|p1a: Indeedee|Indeedee, M|100/100
|switch|p2a: Heatran|Heatran, F|100/100
|-fieldstart|move: Psychic Terrain|[from] ability: Psychic Surge|[of] p1a: Indeedee
|turn|1
|
|t:|1685916538
|switch|p1a: Hatterene|Hatterene, F|100/100
|move|p2a: Heatran|U-turn|p1a: Hatterene
|-crit|p1a: Hatterene
|-damage|p1a: Hatterene|78/100
|-enditem|p1a: Hatterene|Eject Button
|-damage|p2a: Heatran|91/100|[from] item: Life Orb
|
|t:|1685916559
|switch|p1a: Polteageist|Polteageist|100/100
|
|upkeep
|turn|2
|
|t:|1685916568
|-terastallize|p2a: Heatran|Ghost
|move|p2a: Heatran|Bitter Malice|p1a: Polteageist
|-supereffective|p1a: Polteageist
|-enditem|p1a: Polteageist|Focus Sash
|-damage|p1a: Polteageist|1/100
|-unboost|p1a: Polteageist|atk|1
|-damage|p2a: Heatran|81/100|[from] item: Life Orb
|move|p1a: Polteageist|Shell Smash|p1a: Polteageist
|-unboost|p1a: Polteageist|def|1
|-unboost|p1a: Polteageist|spd|1
|-boost|p1a: Polteageist|atk|2
|-boost|p1a: Polteageist|spa|2
|-boost|p1a: Polteageist|spe|2
|
|upkeep
|turn|3
|
|t:|1685916589
|move|p1a: Polteageist|Stored Power|p2a: Heatran
|-damage|p2a: Heatran|0 fnt
|replace|p2a: Agent 007|Zoroark-Hisui, M, shiny
|-end|p2a: Agent 007|Illusion
|faint|p2a: Agent 007
|
|upkeep
|
|t:|1685916594
|switch|p2a: Master Oogway|Torkoal, M, shiny|100/100
|-weather|SunnyDay|[from] ability: Drought|[of] p2a: Master Oogway
|turn|4
|
|t:|1685916599
|move|p1a: Polteageist|Stored Power|p2a: Master Oogway
|-damage|p2a: Master Oogway|0 fnt
|faint|p2a: Master Oogway
|
|-weather|SunnyDay|[upkeep]
|upkeep
|
|t:|1685916601
|switch|p2a: Uncle Tom|Walking Wake|100/100
|-activate|p2a: Uncle Tom|ability: Protosynthesis
|-start|p2a: Uncle Tom|protosynthesisspe
|turn|5
|
|t:|1685916612
|move|p1a: Polteageist|Stored Power|p2a: Uncle Tom
|-damage|p2a: Uncle Tom|0 fnt
|faint|p2a: Uncle Tom
|-end|p2a: Uncle Tom|Protosynthesis|[silent]
|
|-weather|SunnyDay|[upkeep]
|upkeep
|
|t:|1685916628
|switch|p2a: Heatran|Heatran, F|100/100
|-item|p2a: Heatran|Air Balloon
|turn|6
|
|t:|1685916637
|-terastallize|p1a: Polteageist|Fighting
|move|p1a: Polteageist|Tera Blast|p2a: Heatran
|-supereffective|p2a: Heatran
|-damage|p2a: Heatran|0 fnt
|-enditem|p2a: Heatran|Air Balloon
|faint|p2a: Heatran
|
|-weather|SunnyDay|[upkeep]
|upkeep
|
|t:|1685916644
|switch|p2a: Elon Tusk|Great Tusk|100/100
|-activate|p2a: Elon Tusk|ability: Protosynthesis
|-start|p2a: Elon Tusk|protosynthesisdef
|turn|7
|
|t:|1685916646
|move|p1a: Polteageist|Stored Power|p2a: Elon Tusk
|-supereffective|p2a: Elon Tusk
|-damage|p2a: Elon Tusk|0 fnt
|faint|p2a: Elon Tusk
|-end|p2a: Elon Tusk|Protosynthesis|[silent]
|
|-weather|SunnyDay|[upkeep]
|upkeep
|
|t:|1685916649
|switch|p2a: Rocky Boi|Arcanine-Hisui, M, shiny|100/100
|turn|8
|
|t:|1685916652
|move|p2a: Rocky Boi|Extreme Speed|p1a: Polteageist
|-activate|p1a: Polteageist|move: Psychic Terrain
|move|p1a: Polteageist|Tera Blast|p2a: Rocky Boi
|-supereffective|p2a: Rocky Boi
|-damage|p2a: Rocky Boi|0 fnt
|faint|p2a: Rocky Boi
|
|win|Fatty No.1
|raw|Fatty No.1's rating: 1276 → 1302(+26 for winning)
|raw|treeofoak's rating: 1290 → 1264(-26 for losing)
|c|☆treeofoak|gg
