|j|☆Despacito87
|j|☆deniz2323
|t:|1685830776
|gametype|singles
|player|p1|Despacito87|grimsley|1481
|player|p2|deniz2323|265|1444
|teamsize|p1|6
|teamsize|p2|6
|gen|9
|tier|[Gen 9] OU
|rated|
|rule|Sleep Clause Mod: Limit one foe put to sleep
|rule|Species Clause: Limit one of each Pokémon
|rule|OHKO Clause: OHKO moves are banned
|rule|Evasion Items Clause: Evasion items are banned
|rule|Evasion Moves Clause: Evasion moves are banned
|rule|Endless Battle Clause: Forcing endless battles is banned
|rule|HP Percentage Mod: HP is shown in percentages
|clearpoke
|poke|p1|Rotom-Wash|
|poke|p1|Heatran, M|
|poke|p1|Dragapult, M|
|poke|p1|Chien-Pao|
|poke|p1|Great Tusk|
|poke|p1|Magearna|
|poke|p2|Dragonite, M|
|poke|p2|Rotom-Wash|
|poke|p2|Heatran, M|
|poke|p2|Great Tusk|
|poke|p2|Clodsire, F|
|poke|p2|Volcanion|
|teampreview
|inactive|Battle timer is ON: inactive players will automatically lose when time's up. (requested by Despacito87)
|
|t:|1685830794
|start
|switch|p1a: Rotom|Rotom-Wash|100/100
|switch|p2a: Rotom|Rotom-Wash|100/100
|turn|1
|
|t:|1685830803
|move|p2a: Rotom|Trick|p1a: Rotom
|-activate|p2a: Rotom|move: Trick|[of] p1a: Rotom
|-item|p1a: Rotom|Choice Scarf|[from] move: Trick
|-item|p2a: Rotom|Leftovers|[from] move: Trick
|move|p1a: Rotom|Volt Switch|p2a: Rotom
|-damage|p2a: Rotom|76/100
|
|t:|1685830825
|switch|p1a: Magearna|Magearna|100/100|[from] Volt Switch
|
|-heal|p2a: Rotom|82/100|[from] item: Leftovers
|upkeep
|turn|2
|l|☆Despacito87
|inactive|Despacito87 disconnected and has a minute to reconnect!
|player|p1|
|j|☆Despacito87
|inactive|Despacito87 reconnected and has 110 seconds left.
|player|p1|Despacito87|grimsley
|
|t:|1685830864
|move|p2a: Rotom|Volt Switch|p1a: Magearna
|-damage|p1a: Magearna|82/100
|
|t:|1685830867
|switch|p2a: Clodsire|Clodsire, F|100/100|[from] Volt Switch
|move|p1a: Magearna|Spikes|p2a: Clodsire
|-sidestart|p2: deniz2323|Spikes
|
|upkeep
|turn|3
|
|t:|1685830886
|move|p1a: Magearna|Spikes|p2a: Clodsire
|-sidestart|p2: deniz2323|Spikes
|move|p2a: Clodsire|Stealth Rock|p1a: Magearna
|-sidestart|p1: Despacito87|move: Stealth Rock
|
|upkeep
|turn|4
|
|t:|1685830892
|switch|p1a: Rotom|Rotom-Wash|100/100
|-damage|p1a: Rotom|88/100|[from] Stealth Rock
|move|p2a: Clodsire|Earthquake|p1a: Rotom
|-immune|p1a: Rotom|[from] ability: Levitate
|
|upkeep
|turn|5
|
|t:|1685830908
|move|p1a: Rotom|Volt Switch|p2a: Clodsire
|-immune|p2a: Clodsire
|move|p2a: Clodsire|Recover||[still]
|-fail|p2a: Clodsire|heal
|
|upkeep
|turn|6
|
|t:|1685830911
|move|p1a: Rotom|Volt Switch|p2a: Clodsire
|-immune|p2a: Clodsire
|move|p2a: Clodsire|Toxic|p1a: Rotom
|-status|p1a: Rotom|tox
|
|-damage|p1a: Rotom|82/100 tox|[from] psn
|upkeep
|turn|7
|inactive|Despacito87 has 120 seconds left.
|
|t:|1685830924
|switch|p1a: Great Tusk|Great Tusk|100/100
|-damage|p1a: Great Tusk|98/100|[from] Stealth Rock
|move|p2a: Clodsire|Earthquake|p1a: Great Tusk
|-damage|p1a: Great Tusk|79/100
|
|upkeep
|turn|8
|
|t:|1685830933
|move|p1a: Great Tusk|Rapid Spin|p2a: Clodsire
|-crit|p2a: Clodsire
|-damage|p2a: Clodsire|73/100
|-boost|p1a: Great Tusk|spe|1
|-sideend|p1: Despacito87|Stealth Rock|[from] move: Rapid Spin|[of] p1a: Great Tusk
|move|p2a: Clodsire|Toxic|p1a: Great Tusk
|-status|p1a: Great Tusk|tox
|
|-heal|p2a: Clodsire|79/100|[from] item: Leftovers
|-damage|p1a: Great Tusk|72/100 tox|[from] psn
|upkeep
|turn|9
|
|t:|1685830947
|-end|p1a: Great Tusk|Protosynthesis|[silent]
|switch|p1a: Chien-Pao|Chien-Pao|100/100
|-ability|p1a: Chien-Pao|Sword of Ruin
|switch|p2a: Rotom|Rotom-Wash|82/100
|
|-heal|p2a: Rotom|88/100|[from] item: Leftovers
|upkeep
|turn|10
|
|t:|1685830954
|move|p1a: Chien-Pao|Crunch|p2a: Rotom
|-damage|p2a: Rotom|36/100
|-unboost|p2a: Rotom|def|1
|move|p2a: Rotom|Will-O-Wisp|p1a: Chien-Pao|[miss]
|-miss|p2a: Rotom|p1a: Chien-Pao
|
|-heal|p2a: Rotom|42/100|[from] item: Leftovers
|upkeep
|turn|11
|
|t:|1685830962
|switch|p2a: Great Tusk|Great Tusk|100/100
|-damage|p2a: Great Tusk|84/100|[from] Spikes
|move|p1a: Chien-Pao|Crunch|p2a: Great Tusk
|-resisted|p2a: Great Tusk
|-damage|p2a: Great Tusk|70/100
|-damage|p1a: Chien-Pao|84/100|[from] item: Rocky Helmet|[of] p2a: Great Tusk
|
|upkeep
|turn|12
|
|t:|1685830970
|switch|p1a: Rotom|Rotom-Wash|82/100 tox
|-terastallize|p2a: Great Tusk|Dark
|move|p2a: Great Tusk|Body Press|p1a: Rotom
|-damage|p1a: Rotom|49/100 tox
|
|-damage|p1a: Rotom|43/100 tox|[from] psn
|upkeep
|turn|13
|
|t:|1685830987
|move|p1a: Rotom|Will-O-Wisp|p2a: Great Tusk
|-status|p2a: Great Tusk|brn
|move|p2a: Great Tusk|Rapid Spin|p1a: Rotom
|-damage|p1a: Rotom|37/100 tox
|-boost|p2a: Great Tusk|spe|1
|-sideend|p2: deniz2323|Spikes|[from] move: Rapid Spin|[of] p2a: Great Tusk
|
|-damage|p1a: Rotom|26/100 tox|[from] psn
|-damage|p2a: Great Tusk|64/100 brn|[from] brn
|upkeep
|turn|14
|
|t:|1685830997
|switch|p1a: Dragapult|Dragapult, M|100/100
|move|p2a: Great Tusk|Rapid Spin|p1a: Dragapult
|-immune|p1a: Dragapult
|
|-damage|p2a: Great Tusk|58/100 brn|[from] brn
|upkeep
|turn|15
|
|t:|1685831004
|move|p1a: Dragapult|Dragon Darts|p2a: Great Tusk
|-damage|p2a: Great Tusk|47/100 brn
|-anim|p1a: Dragapult|Dragon Darts|p2a: Great Tusk
|-damage|p2a: Great Tusk|37/100 brn
|move|p2a: Great Tusk|Knock Off|p1a: Dragapult
|-supereffective|p1a: Dragapult
|-damage|p1a: Dragapult|45/100
|-enditem|p1a: Dragapult|Heavy-Duty Boots|[from] move: Knock Off|[of] p2a: Great Tusk
|
|-damage|p2a: Great Tusk|31/100 brn|[from] brn
|upkeep
|turn|16
|
|t:|1685831014
|move|p1a: Dragapult|U-turn|p2a: Great Tusk
|-supereffective|p2a: Great Tusk
|-damage|p2a: Great Tusk|12/100 brn
|-damage|p1a: Dragapult|28/100|[from] item: Rocky Helmet|[of] p2a: Great Tusk
|
|t:|1685831020
|switch|p1a: Rotom|Rotom-Wash|26/100 tox|[from] U-turn
|move|p2a: Great Tusk|Knock Off|p1a: Rotom
|-damage|p1a: Rotom|9/100 tox
|-enditem|p1a: Rotom|Choice Scarf|[from] move: Knock Off|[of] p2a: Great Tusk
|
|-damage|p1a: Rotom|3/100 tox|[from] psn
|-damage|p2a: Great Tusk|6/100 brn|[from] brn
|upkeep
|turn|17
|
|t:|1685831026
|move|p2a: Great Tusk|Rapid Spin|p1a: Rotom
|-damage|p1a: Rotom|0 fnt
|-boost|p2a: Great Tusk|spe|1
|faint|p1a: Rotom
|
|-damage|p2a: Great Tusk|0 fnt|[from] brn
|faint|p2a: Great Tusk
|-end|p2a: Great Tusk|Protosynthesis|[silent]
|upkeep
|
|t:|1685831035
|switch|p2a: Volcanion|Volcanion|100/100
|switch|p1a: Dragapult|Dragapult, M|28/100
|turn|18
|
|t:|1685831041
|move|p1a: Dragapult|Thunder Wave|p2a: Volcanion
|-status|p2a: Volcanion|par
|cant|p2a: Volcanion|par
|
|upkeep
|turn|19
|
|t:|1685831044
|move|p1a: Dragapult|Hex|p2a: Volcanion
|-damage|p2a: Volcanion|50/100 par
|cant|p2a: Volcanion|par
|
|upkeep
|turn|20
|
|t:|1685831054
|switch|p2a: Heatran|Heatran, M|100/100
|move|p1a: Dragapult|Hex|p2a: Heatran
|-damage|p2a: Heatran|81/100
|
|upkeep
|turn|21
|
|t:|1685831066
|move|p1a: Dragapult|Thunder Wave|p2a: Heatran
|-status|p2a: Heatran|par
|move|p2a: Heatran|Earth Power|p1a: Dragapult
|-damage|p1a: Dragapult|0 fnt
|faint|p1a: Dragapult
|
|upkeep
|
|t:|1685831079
|switch|p1a: Heatran|Heatran, M|100/100
|turn|22
|
|t:|1685831083
|switch|p2a: Rotom|Rotom-Wash|42/100
|move|p1a: Heatran|Earth Power|p2a: Rotom
|-immune|p2a: Rotom|[from] ability: Levitate
|
|-heal|p2a: Rotom|48/100|[from] item: Leftovers
|upkeep
|turn|23
|
|t:|1685831090
|switch|p1a: Magearna|Magearna|82/100
|move|p2a: Rotom|Hydro Pump|p1a: Magearna|[miss]
|-miss|p2a: Rotom|p1a: Magearna
|
|-heal|p2a: Rotom|54/100|[from] item: Leftovers
|upkeep
|turn|24
|
|t:|1685831097
|move|p2a: Rotom|Volt Switch|p1a: Magearna
|-damage|p1a: Magearna|64/100
|
|t:|1685831102
|switch|p2a: Heatran|Heatran, M|81/100 par|[from] Volt Switch
|move|p1a: Magearna|Spikes|p2a: Heatran
|-sidestart|p2: deniz2323|Spikes
|
|upkeep
|turn|25
|
|t:|1685831105
|move|p1a: Magearna|Volt Switch|p2a: Heatran
|-damage|p2a: Heatran|68/100 par
|
|t:|1685831109
|switch|p1a: Heatran|Heatran, M|100/100|[from] Volt Switch
|move|p2a: Heatran|Lava Plume|p1a: Heatran
|-start|p1a: Heatran|ability: Flash Fire
|
|upkeep
|turn|26
|
|t:|1685831115
|move|p1a: Heatran|Earth Power|p2a: Heatran
|-supereffective|p2a: Heatran
|-damage|p2a: Heatran|4/100 par
|cant|p2a: Heatran|par
|
|upkeep
|turn|27
|
|t:|1685831121
|move|p1a: Heatran|Earth Power|p2a: Heatran
|-supereffective|p2a: Heatran
|-damage|p2a: Heatran|0 fnt
|faint|p2a: Heatran
|
|upkeep
|
|t:|1685831127
|switch|p2a: Dragonite|Dragonite, M|100/100
|turn|28
|
|t:|1685831137
|-end|p1a: Heatran|ability: Flash Fire|[silent]
|switch|p1a: Great Tusk|Great Tusk|72/100 tox
|move|p2a: Dragonite|Earthquake|p1a: Great Tusk
|-damage|p1a: Great Tusk|46/100 tox
|
|-damage|p1a: Great Tusk|39/100 tox|[from] psn
|upkeep
|turn|29
|
|t:|1685831144
|move|p1a: Great Tusk|Knock Off|p2a: Dragonite
|-damage|p2a: Dragonite|82/100
|-enditem|p2a: Dragonite|Heavy-Duty Boots|[from] move: Knock Off|[of] p1a: Great Tusk
|move|p2a: Dragonite|Earthquake|p1a: Great Tusk
|-damage|p1a: Great Tusk|12/100 tox
|
|-damage|p1a: Great Tusk|0 fnt|[from] psn
|faint|p1a: Great Tusk
|-end|p1a: Great Tusk|Protosynthesis|[silent]
|upkeep
|
|t:|1685831150
|switch|p1a: Chien-Pao|Chien-Pao|84/100
|-ability|p1a: Chien-Pao|Sword of Ruin
|turn|30
|
|t:|1685831157
|switch|p2a: Rotom|Rotom-Wash|54/100
|-terastallize|p1a: Chien-Pao|Dark
|move|p1a: Chien-Pao|Crunch|p2a: Rotom
|-damage|p2a: Rotom|0 fnt
|faint|p2a: Rotom
|
|upkeep
|
|t:|1685831160
|switch|p2a: Dragonite|Dragonite, M|82/100
|turn|31
|
|t:|1685831167
|move|p2a: Dragonite|Extreme Speed|p1a: Chien-Pao
|-damage|p1a: Chien-Pao|39/100
|move|p1a: Chien-Pao|Ice Shard|p2a: Dragonite
|-supereffective|p2a: Dragonite
|-damage|p2a: Dragonite|0 fnt
|faint|p2a: Dragonite
|
|upkeep
|-message|deniz2323 forfeited.
|
|win|Despacito87
|raw|Despacito87's rating: 1481 → 1499(+18 for winning)
|raw|deniz2323's rating: 1444 → 1426(-18 for losing)
|l|☆deniz2323
