|j|☆v1nc77
|j|☆ch1ck3n nu99ets
|t:|1685889431
|gametype|singles
|player|p1|v1nc77|1|1724
|player|p2|ch1ck3n nu99ets|102|1755
|teamsize|p1|6
|teamsize|p2|6
|gen|9
|tier|[Gen 9] OU
|rated|
|rule|Sleep Clause Mod: Limit one foe put to sleep
|rule|Species Clause: Limit one of each Pokémon
|rule|OHKO Clause: OHKO moves are banned
|rule|Evasion Items Clause: Evasion items are banned
|rule|Evasion Moves Clause: Evasion moves are banned
|rule|Endless Battle Clause: Forcing endless battles is banned
|rule|HP Percentage Mod: HP is shown in percentages
|clearpoke
|poke|p1|Skeledirge, F|
|poke|p1|Rotom-Wash|
|poke|p1|Magearna|
|poke|p1|Corviknight, M|
|poke|p1|Great Tusk|
|poke|p1|Chien-Pao|
|poke|p2|Ursaluna, F|
|poke|p2|Magearna|
|poke|p2|Cresselia, F|
|poke|p2|Enamorus-Therian, F|
|poke|p2|Drifblim, F|
|poke|p2|Volcanion|
|teampreview
|inactive|Battle timer is ON: inactive players will automatically lose when time's up. (requested by v1nc77)
|
|t:|1685889440
|start
|switch|p1a: Magearna|Magearna|100/100
|switch|p2a: Magearna|Magearna|100/100
|turn|1
|
|t:|1685889443
|-terastallize|p1a: Magearna|Ground
|move|p1a: Magearna|Tera Blast|p2a: Magearna
|-supereffective|p2a: Magearna
|-damage|p2a: Magearna|0 fnt
|faint|p2a: Magearna
|-ability|p1a: Magearna|Soul-Heart|boost
|-boost|p1a: Magearna|spa|1
|
|upkeep
|
|t:|1685889453
|switch|p2a: Drifblim|Drifblim, F|100/100
|turn|2
|j| MistyKetchum2023
|
|t:|1685889456
|switch|p1a: Rotom|Rotom-Wash, shiny|100/100
|move|p2a: Drifblim|Trick Room|p2a: Drifblim
|-fieldstart|move: Trick Room|[of] p2a: Drifblim
|
|upkeep
|turn|3
|
|t:|1685889461
|switch|p2a: Ursaluna|Ursaluna, F|100/100
|move|p1a: Rotom|Hydro Pump|p2a: Ursaluna
|-supereffective|p2a: Ursaluna
|-damage|p2a: Ursaluna|34/100
|
|-status|p2a: Ursaluna|brn|[from] item: Flame Orb
|upkeep
|turn|4
|
|t:|1685889466
|switch|p1a: Skeledirge|Skeledirge, F, shiny|100/100
|move|p2a: Ursaluna|Swords Dance|p2a: Ursaluna
|-boost|p2a: Ursaluna|atk|2
|
|-damage|p2a: Ursaluna|28/100 brn|[from] brn
|upkeep
|turn|5
|
|t:|1685889475
|switch|p1a: Corviknight|Corviknight, M, shiny|100/100
|-ability|p1a: Corviknight|Pressure
|-terastallize|p2a: Ursaluna|Normal
|move|p2a: Ursaluna|Facade|p1a: Corviknight
|-resisted|p1a: Corviknight
|-damage|p1a: Corviknight|0 fnt
|-damage|p2a: Ursaluna|12/100 brn|[from] item: Rocky Helmet|[of] p1a: Corviknight
|faint|p1a: Corviknight
|
|-damage|p2a: Ursaluna|6/100 brn|[from] brn
|upkeep
|
|t:|1685889479
|switch|p1a: Rotom|Rotom-Wash, shiny|100/100
|turn|6
|
|t:|1685889483
|switch|p2a: Volcanion|Volcanion|100/100
|move|p1a: Rotom|Protect||[still]
|-fail|p1a: Rotom
|
|-fieldend|move: Trick Room
|upkeep
|turn|7
|
|t:|1685889489
|switch|p2a: Cresselia|Cresselia, F|100/100
|move|p1a: Rotom|Thunder Wave|p2a: Cresselia
|-status|p2a: Cresselia|par
|
|upkeep
|turn|8
|
|t:|1685889493
|move|p1a: Rotom|Volt Switch|p2a: Cresselia
|-damage|p2a: Cresselia|88/100 par
|
|t:|1685889494
|switch|p1a: Chien-Pao|Chien-Pao|100/100|[from] Volt Switch
|-ability|p1a: Chien-Pao|Sword of Ruin
|move|p2a: Cresselia|Trick Room|p2a: Cresselia
|-fieldstart|move: Trick Room|[of] p2a: Cresselia
|
|upkeep
|turn|9
|
|t:|1685889498
|move|p2a: Cresselia|Lunar Dance|p2a: Cresselia
|faint|p2a: Cresselia
|move|p1a: Chien-Pao|Crunch|p2: Cresselia|[notarget]
|-fail|p1a: Chien-Pao
|
|upkeep
|
|t:|1685889500
|switch|p2a: Ursaluna|Ursaluna, F, tera:Normal|6/100 brn
|-heal|p2a: Ursaluna|100/100|[from] move: Lunar Dance
|turn|10
|j| markthespark242
|l| markthespark242
|
|t:|1685889522
|switch|p1a: Great Tusk|Great Tusk, shiny|100/100
|move|p2a: Ursaluna|Swords Dance|p2a: Ursaluna
|-boost|p2a: Ursaluna|atk|2
|
|-status|p2a: Ursaluna|brn|[from] item: Flame Orb
|upkeep
|turn|11
|j| Neutralist
|
|t:|1685889527
|move|p2a: Ursaluna|Headlong Rush|p1a: Great Tusk
|-damage|p1a: Great Tusk|0 fnt
|-unboost|p2a: Ursaluna|def|1
|-unboost|p2a: Ursaluna|spd|1
|faint|p1a: Great Tusk
|-end|p1a: Great Tusk|Protosynthesis|[silent]
|
|-damage|p2a: Ursaluna|94/100 brn|[from] brn
|upkeep
|
|t:|1685889531
|switch|p1a: Rotom|Rotom-Wash, shiny|100/100
|turn|12
|
|t:|1685889537
|switch|p2a: Drifblim|Drifblim, F|100/100
|move|p1a: Rotom|Protect||[still]
|-fail|p1a: Rotom
|
|-fieldend|move: Trick Room
|upkeep
|turn|13
|j| Arrowhead1111
|
|t:|1685889543
|move|p1a: Rotom|Thunder Wave|p2a: Drifblim
|-status|p2a: Drifblim|par
|move|p2a: Drifblim|Trick Room|p2a: Drifblim
|-fieldstart|move: Trick Room|[of] p2a: Drifblim
|
|upkeep
|turn|14
|
|t:|1685889549
|switch|p2a: Ursaluna|Ursaluna, F, tera:Normal|94/100 brn
|move|p1a: Rotom|Hydro Pump|p2a: Ursaluna
|-damage|p2a: Ursaluna|61/100 brn
|
|-damage|p2a: Ursaluna|54/100 brn|[from] brn
|upkeep
|turn|15
|
|t:|1685889551
|move|p1a: Rotom|Protect|p1a: Rotom
|-singleturn|p1a: Rotom|Protect
|move|p2a: Ursaluna|Facade|p1a: Rotom
|-activate|p1a: Rotom|move: Protect
|
|-damage|p2a: Ursaluna|48/100 brn|[from] brn
|upkeep
|turn|16
|
|t:|1685889555
|move|p1a: Rotom|Protect|p1a: Rotom
|-singleturn|p1a: Rotom|Protect
|move|p2a: Ursaluna|Headlong Rush|p1a: Rotom
|-activate|p1a: Rotom|move: Protect
|
|-damage|p2a: Ursaluna|42/100 brn|[from] brn
|upkeep
|turn|17
|
|t:|1685889558
|move|p1a: Rotom|Protect|p1a: Rotom
|-singleturn|p1a: Rotom|Protect
|move|p2a: Ursaluna|Facade|p1a: Rotom
|-activate|p1a: Rotom|move: Protect
|
|-damage|p2a: Ursaluna|36/100 brn|[from] brn
|-fieldend|move: Trick Room
|upkeep
|turn|18
|c|☆ch1ck3n nu99ets|bruhh
|c| Neutralist|lmao wtf
|
|t:|1685889568
|move|p1a: Rotom|Volt Switch|p2a: Ursaluna
|-damage|p2a: Ursaluna|16/100 brn
|
|t:|1685889571
|switch|p1a: Skeledirge|Skeledirge, F, shiny|100/100|[from] Volt Switch
|move|p2a: Ursaluna|Facade|p1a: Skeledirge
|-immune|p1a: Skeledirge
|
|-damage|p2a: Ursaluna|10/100 brn|[from] brn
|upkeep
|turn|19
|
|t:|1685889576
|switch|p2a: Volcanion|Volcanion|100/100
|move|p1a: Skeledirge|Torch Song|p2a: Volcanion
|-resisted|p2a: Volcanion
|-damage|p2a: Volcanion|93/100
|-boost|p1a: Skeledirge|spa|1
|
|upkeep
|turn|20
|
|t:|1685889580
|switch|p1a: Rotom|Rotom-Wash, shiny|100/100
|move|p2a: Volcanion|Steam Eruption|p1a: Rotom|[miss]
|-miss|p2a: Volcanion|p1a: Rotom
|
|upkeep
|turn|21
|c|☆ch1ck3n nu99ets|not my game
|
|t:|1685889587
|move|p1a: Rotom|Volt Switch|p2a: Volcanion
|-supereffective|p2a: Volcanion
|-damage|p2a: Volcanion|39/100
|
|t:|1685889590
|switch|p1a: Skeledirge|Skeledirge, F, shiny|100/100|[from] Volt Switch
|move|p2a: Volcanion|Sludge Bomb|p1a: Skeledirge
|-resisted|p1a: Skeledirge
|-damage|p1a: Skeledirge|88/100
|
|upkeep
|turn|22
|
|t:|1685889594
|switch|p1a: Rotom|Rotom-Wash, shiny|100/100
|move|p2a: Volcanion|Sludge Bomb|p1a: Rotom
|-damage|p1a: Rotom|71/100
|
|-heal|p1a: Rotom|77/100|[from] item: Leftovers
|upkeep
|turn|23
|c| Neutralist|one of the games of all time
|
|t:|1685889601
|move|p1a: Rotom|Volt Switch|p2a: Volcanion
|-supereffective|p2a: Volcanion
|-damage|p2a: Volcanion|0 fnt
|faint|p2a: Volcanion
|
|t:|1685889603
|switch|p1a: Chien-Pao|Chien-Pao|100/100|[from] Volt Switch
|-ability|p1a: Chien-Pao|Sword of Ruin
|
|upkeep
|
|t:|1685889608
|switch|p2a: Enamorus|Enamorus-Therian, F|100/100
|turn|24
|j| the eminence
|
|t:|1685889611
|move|p1a: Chien-Pao|Icicle Crash|p2a: Enamorus
|-supereffective|p2a: Enamorus
|-damage|p2a: Enamorus|0 fnt
|faint|p2a: Enamorus
|
|upkeep
|j| GreenTeaBag
|-message|ch1ck3n nu99ets forfeited.
|
|win|v1nc77
|raw|v1nc77's rating: 1724 → 1746(+22 for winning)
|raw|ch1ck3n nu99ets's rating: 1755 → 1733(-22 for losing)
|j| Prismxj9
|l|☆ch1ck3n nu99ets
|l|☆v1nc77
