|j|☆Realandres
|j|☆Chosentolose
|t:|1685879716
|gametype|singles
|player|p1|Realandres|2|1421
|player|p2|Chosentolose|cynthia-gen4|1398
|teamsize|p1|6
|teamsize|p2|6
|gen|9
|tier|[Gen 9] OU
|rated|
|rule|Sleep Clause Mod: Limit one foe put to sleep
|rule|Species Clause: Limit one of each Pokémon
|rule|OHKO Clause: OHKO moves are banned
|rule|Evasion Items Clause: Evasion items are banned
|rule|Evasion Moves Clause: Evasion moves are banned
|rule|Endless Battle Clause: Forcing endless battles is banned
|rule|HP Percentage Mod: HP is shown in percentages
|clearpoke
|poke|p1|Ting-Lu|
|poke|p1|Heatran, F|
|poke|p1|Greninja, F|
|poke|p1|Clodsire, F|
|poke|p1|Toxapex, F|
|poke|p1|Roaring Moon|
|poke|p2|Decidueye-Hisui, F|
|poke|p2|Overqwil, M|
|poke|p2|Rotom-Wash|
|poke|p2|Talonflame, M|
|poke|p2|Enamorus-Therian, F|
|poke|p2|Goodra-Hisui, M|
|teampreview
|
|t:|1685879721
|start
|switch|p1a: Ting-Lu|Ting-Lu|100/100
|switch|p2a: Overqwil|Overqwil, M|100/100
|-ability|p2a: Overqwil|Intimidate|boost
|-unboost|p1a: Ting-Lu|atk|1
|-ability|p1a: Ting-Lu|Vessel of Ruin
|turn|1
|inactive|Battle timer is ON: inactive players will automatically lose when time's up. (requested by Realandres)
|
|t:|1685879730
|move|p2a: Overqwil|Taunt|p1a: Ting-Lu
|-start|p1a: Ting-Lu|move: Taunt
|cant|p1a: Ting-Lu|move: Taunt|Stealth Rock
|
|upkeep
|turn|2
|
|t:|1685879737
|move|p2a: Overqwil|Spikes|p1a: Ting-Lu
|-sidestart|p1: Realandres|Spikes
|move|p1a: Ting-Lu|Earthquake|p2a: Overqwil
|-supereffective|p2a: Overqwil
|-damage|p2a: Overqwil|57/100
|
|upkeep
|turn|3
|
|t:|1685879744
|move|p2a: Overqwil|Spikes|p1a: Ting-Lu
|-sidestart|p1: Realandres|Spikes
|move|p1a: Ting-Lu|Ruination|p2a: Overqwil
|-damage|p2a: Overqwil|29/100
|
|-end|p1a: Ting-Lu|move: Taunt
|upkeep
|turn|4
|
|t:|1685879751
|move|p2a: Overqwil|Taunt|p1a: Ting-Lu
|-start|p1a: Ting-Lu|move: Taunt
|move|p1a: Ting-Lu|Earthquake|p2a: Overqwil
|-supereffective|p2a: Overqwil
|-damage|p2a: Overqwil|0 fnt
|faint|p2a: Overqwil
|
|upkeep
|
|t:|1685879755
|switch|p2a: Decidueye|Decidueye-Hisui, F|100/100
|turn|5
|
|t:|1685879762
|move|p2a: Decidueye|Bulk Up|p2a: Decidueye
|-boost|p2a: Decidueye|atk|1
|-boost|p2a: Decidueye|def|1
|move|p1a: Ting-Lu|Ruination|p2a: Decidueye
|-damage|p2a: Decidueye|50/100
|
|-heal|p2a: Decidueye|57/100|[from] item: Leftovers
|upkeep
|turn|6
|
|t:|1685879771
|move|p2a: Decidueye|Bulk Up|p2a: Decidueye
|-boost|p2a: Decidueye|atk|1
|-boost|p2a: Decidueye|def|1
|move|p1a: Ting-Lu|Ruination|p2a: Decidueye
|-damage|p2a: Decidueye|29/100
|
|-heal|p2a: Decidueye|35/100|[from] item: Leftovers
|-end|p1a: Ting-Lu|move: Taunt
|upkeep
|turn|7
|
|t:|1685879781
|switch|p1a: Roaring Moon|Roaring Moon|100/100
|-enditem|p1a: Roaring Moon|Booster Energy
|-activate|p1a: Roaring Moon|ability: Protosynthesis|[fromitem]
|-start|p1a: Roaring Moon|protosynthesisatk
|-damage|p1a: Roaring Moon|84/100|[from] Spikes
|move|p2a: Decidueye|Triple Arrows|p1a: Roaring Moon
|-supereffective|p1a: Roaring Moon
|-damage|p1a: Roaring Moon|0 fnt
|faint|p1a: Roaring Moon
|-end|p1a: Roaring Moon|Protosynthesis|[silent]
|
|-heal|p2a: Decidueye|41/100|[from] item: Leftovers
|upkeep
|
|t:|1685879794
|switch|p1a: Greninja|Greninja, F|100/100
|-damage|p1a: Greninja|84/100|[from] Spikes
|turn|8
|
|t:|1685879804
|-terastallize|p2a: Decidueye|Ghost
|move|p1a: Greninja|Tera Blast|p2a: Decidueye
|-start|p1a: Greninja|typechange|Normal|[from] ability: Protean
|-immune|p2a: Decidueye
|move|p2a: Decidueye|Roost|p2a: Decidueye
|-heal|p2a: Decidueye|91/100
|
|-heal|p2a: Decidueye|97/100|[from] item: Leftovers
|upkeep
|turn|9
|
|t:|1685879817
|-terastallize|p1a: Greninja|Fire
|move|p1a: Greninja|Tera Blast|p2a: Decidueye
|-crit|p2a: Decidueye
|-damage|p2a: Decidueye|41/100
|move|p2a: Decidueye|Triple Arrows|p1a: Greninja
|-crit|p1a: Greninja
|-damage|p1a: Greninja|0 fnt
|faint|p1a: Greninja
|
|-heal|p2a: Decidueye|47/100|[from] item: Leftovers
|upkeep
|-message|Realandres forfeited.
|
|win|Chosentolose
|raw|Realandres's rating: 1421 → 1400(-21 for losing)
|raw|Chosentolose's rating: 1398 → 1419(+21 for winning)
|l|☆Realandres
