|j|☆Jean_con
|j|☆DannyMcCake
|t:|1685886857
|gametype|singles
|player|p1|Jean_con|cheryl|1343
|player|p2|DannyMcCake|hiker|1322
|teamsize|p1|6
|teamsize|p2|6
|gen|9
|tier|[Gen 9] OU
|rated|
|rule|Sleep Clause Mod: Limit one foe put to sleep
|rule|Species Clause: Limit one of each Pokémon
|rule|OHKO Clause: OHKO moves are banned
|rule|Evasion Items Clause: Evasion items are banned
|rule|Evasion Moves Clause: Evasion moves are banned
|rule|Endless Battle Clause: Forcing endless battles is banned
|rule|HP Percentage Mod: HP is shown in percentages
|clearpoke
|poke|p1|Dragapult, M|
|poke|p1|Arcanine-Hisui, F|
|poke|p1|Zapdos|
|poke|p1|Chien-Pao|
|poke|p1|Great Tusk|
|poke|p1|Skeledirge, M|
|poke|p2|Arcanine-Hisui, M|
|poke|p2|Braviary-Hisui, M|
|poke|p2|Basculegion, M|
|poke|p2|Sneasler, M|
|poke|p2|Goodra-Hisui, M|
|poke|p2|Lilligant-Hisui, F|
|teampreview
|inactive|Battle timer is ON: inactive players will automatically lose when time's up. (requested by Jean_con)
|inactive|DannyMcCake also wants the timer to be on.
|
|t:|1685886865
|start
|switch|p1a: Zapdos|Zapdos|100/100
|switch|p2a: Sneasler|Sneasler, M|100/100
|turn|1
|
|t:|1685886875
|switch|p2a: Goodra|Goodra-Hisui, M|100/100
|move|p1a: Zapdos|Volt Switch|p2a: Goodra
|-resisted|p2a: Goodra
|-damage|p2a: Goodra|90/100
|
|t:|1685886879
|switch|p1a: Great Tusk|Great Tusk|100/100|[from] Volt Switch
|
|-heal|p2a: Goodra|96/100|[from] item: Leftovers
|upkeep
|turn|2
|
|t:|1685886883
|move|p1a: Great Tusk|Knock Off|p2a: Goodra
|-damage|p2a: Goodra|70/100
|-ability|p2a: Goodra|Gooey
|-unboost|p1a: Great Tusk|spe|1
|-enditem|p2a: Goodra|Leftovers|[from] move: Knock Off|[of] p1a: Great Tusk
|move|p2a: Goodra|Counter|p1a: Great Tusk
|-damage|p1a: Great Tusk|58/100
|
|-heal|p1a: Great Tusk|64/100|[from] item: Leftovers
|upkeep
|turn|3
|
|t:|1685886890
|switch|p2a: Braviary|Braviary-Hisui, M|100/100
|move|p1a: Great Tusk|Stealth Rock|p2a: Braviary
|-sidestart|p2: DannyMcCake|move: Stealth Rock
|
|-heal|p1a: Great Tusk|70/100|[from] item: Leftovers
|upkeep
|turn|4
|
|t:|1685886894
|-end|p1a: Great Tusk|Protosynthesis|[silent]
|switch|p1a: Zapdos|Zapdos|100/100
|move|p2a: Braviary|Hurricane|p1a: Zapdos
|-resisted|p1a: Zapdos
|-damage|p1a: Zapdos|0 fnt
|faint|p1a: Zapdos
|
|upkeep
|c|☆Jean_con|jesus
|c|☆Jean_con|specs tinted lens goes hard
|
|t:|1685886910
|switch|p1a: Dragapult|Dragapult, M|100/100
|turn|5
|c|☆DannyMcCake|Fr
|
|t:|1685886918
|move|p1a: Dragapult|U-turn|p2a: Braviary
|-damage|p2a: Braviary|83/100
|
|t:|1685886924
|switch|p1a: Skeledirge|Skeledirge, M|100/100|[from] U-turn
|move|p2a: Braviary|Hurricane|p1a: Skeledirge
|-damage|p1a: Skeledirge|38/100
|
|upkeep
|turn|6
|
|t:|1685886927
|move|p1a: Skeledirge|Slack Off|p1a: Skeledirge
|-heal|p1a: Skeledirge|88/100
|move|p2a: Braviary|Hurricane|p1a: Skeledirge|[miss]
|-miss|p2a: Braviary|p1a: Skeledirge
|
|upkeep
|turn|7
|
|t:|1685886935
|move|p1a: Skeledirge|Shadow Ball|p2a: Braviary
|-supereffective|p2a: Braviary
|-damage|p2a: Braviary|14/100
|-unboost|p2a: Braviary|spd|1
|move|p2a: Braviary|Hurricane|p1a: Skeledirge
|-damage|p1a: Skeledirge|29/100
|-start|p1a: Skeledirge|confusion
|
|upkeep
|turn|8
|
|t:|1685886939
|-activate|p1a: Skeledirge|confusion
|move|p1a: Skeledirge|Shadow Ball|p2a: Braviary
|-supereffective|p2a: Braviary
|-damage|p2a: Braviary|0 fnt
|faint|p2a: Braviary
|
|upkeep
|
|t:|1685886945
|switch|p2a: Basculegion|Basculegion, M|100/100
|-damage|p2a: Basculegion|88/100|[from] Stealth Rock
|turn|9
|
|t:|1685886952
|move|p2a: Basculegion|Aqua Jet|p1a: Skeledirge
|-supereffective|p1a: Skeledirge
|-damage|p1a: Skeledirge|0 fnt
|faint|p1a: Skeledirge
|
|upkeep
|
|t:|1685886955
|switch|p1a: Dragapult|Dragapult, M|100/100
|turn|10
|
|t:|1685886959
|move|p1a: Dragapult|U-turn|p2a: Basculegion
|-resisted|p2a: Basculegion
|-damage|p2a: Basculegion|78/100
|
|t:|1685886963
|switch|p1a: Great Tusk|Great Tusk|70/100|[from] U-turn
|move|p2a: Basculegion|Phantom Force||[still]
|-prepare|p2a: Basculegion|Phantom Force
|
|-heal|p1a: Great Tusk|76/100|[from] item: Leftovers
|upkeep
|turn|11
|
|t:|1685886973
|move|p1a: Great Tusk|Knock Off|p2a: Basculegion|[miss]
|-miss|p1a: Great Tusk|p2a: Basculegion
|move|p2a: Basculegion|Phantom Force|p1a: Great Tusk|[from]lockedmove
|-damage|p1a: Great Tusk|36/100
|
|-heal|p1a: Great Tusk|42/100|[from] item: Leftovers
|upkeep
|turn|12
|
|t:|1685886976
|move|p2a: Basculegion|Aqua Jet|p1a: Great Tusk
|-supereffective|p1a: Great Tusk
|-damage|p1a: Great Tusk|6/100
|move|p1a: Great Tusk|Knock Off|p2a: Basculegion
|-supereffective|p2a: Basculegion
|-damage|p2a: Basculegion|21/100
|-enditem|p2a: Basculegion|Assault Vest|[from] move: Knock Off|[of] p1a: Great Tusk
|
|-heal|p1a: Great Tusk|13/100|[from] item: Leftovers
|upkeep
|turn|13
|
|t:|1685886982
|-end|p1a: Great Tusk|Protosynthesis|[silent]
|switch|p1a: Dragapult|Dragapult, M|100/100
|move|p2a: Basculegion|Aqua Jet|p1a: Dragapult
|-resisted|p1a: Dragapult
|-damage|p1a: Dragapult|81/100
|
|upkeep
|turn|14
|
|t:|1685886989
|move|p2a: Basculegion|Aqua Jet|p1a: Dragapult
|-resisted|p1a: Dragapult
|-crit|p1a: Dragapult
|-damage|p1a: Dragapult|54/100
|move|p1a: Dragapult|Shadow Ball|p2a: Basculegion
|-supereffective|p2a: Basculegion
|-damage|p2a: Basculegion|0 fnt
|faint|p2a: Basculegion
|
|upkeep
|
|t:|1685887004
|switch|p2a: Arcanine|Arcanine-Hisui, M|100/100
|-damage|p2a: Arcanine|76/100|[from] Stealth Rock
|turn|15
|
|t:|1685887012
|move|p1a: Dragapult|Shadow Ball|p2a: Arcanine
|-damage|p2a: Arcanine|9/100
|-unboost|p2a: Arcanine|spd|1
|move|p2a: Arcanine|Head Smash|p1a: Dragapult
|-damage|p1a: Dragapult|0 fnt
|faint|p1a: Dragapult
|
|upkeep
|
|t:|1685887022
|switch|p1a: Great Tusk|Great Tusk|13/100
|turn|16
|
|t:|1685887028
|move|p2a: Arcanine|Head Smash|p1a: Great Tusk
|-resisted|p1a: Great Tusk
|-damage|p1a: Great Tusk|0 fnt
|faint|p1a: Great Tusk
|-end|p1a: Great Tusk|Protosynthesis|[silent]
|
|upkeep
|
|t:|1685887034
|switch|p1a: Arcanine|Arcanine-Hisui, F|100/100
|turn|17
|
|t:|1685887036
|move|p1a: Arcanine|Extreme Speed|p2a: Arcanine
|-resisted|p2a: Arcanine
|-damage|p2a: Arcanine|0 fnt
|faint|p2a: Arcanine
|-damage|p1a: Arcanine|91/100|[from] item: Life Orb
|
|upkeep
|
|t:|1685887042
|switch|p2a: Goodra|Goodra-Hisui, M|70/100
|-damage|p2a: Goodra|64/100|[from] Stealth Rock
|turn|18
|
|t:|1685887049
|move|p1a: Arcanine|Flare Blitz|p2a: Goodra
|-damage|p2a: Goodra|0 fnt
|-ability|p2a: Goodra|Gooey
|-unboost|p1a: Arcanine|spe|1
|faint|p2a: Goodra
|-damage|p1a: Arcanine|81/100|[from] item: Life Orb
|
|upkeep
|
|t:|1685887055
|switch|p2a: Sneasler|Sneasler, M|100/100
|-damage|p2a: Sneasler|95/100|[from] Stealth Rock
|turn|19
|
|t:|1685887062
|-terastallize|p1a: Arcanine|Fire
|move|p2a: Sneasler|Close Combat|p1a: Arcanine
|-damage|p1a: Arcanine|0 fnt
|-unboost|p2a: Sneasler|def|1
|-unboost|p2a: Sneasler|spd|1
|-enditem|p2a: Sneasler|White Herb
|-clearnegativeboost|p2a: Sneasler|[silent]
|faint|p1a: Arcanine
|
|upkeep
|
|t:|1685887068
|switch|p1a: Chien-Pao|Chien-Pao|100/100
|-ability|p1a: Chien-Pao|Sword of Ruin
|turn|20
|
|t:|1685887072
|move|p2a: Sneasler|Close Combat|p1a: Chien-Pao
|-supereffective|p1a: Chien-Pao
|-damage|p1a: Chien-Pao|0 fnt
|-unboost|p2a: Sneasler|def|1
|-unboost|p2a: Sneasler|spd|1
|faint|p1a: Chien-Pao
|
|win|DannyMcCake
|raw|Jean_con's rating: 1343 → 1322(-21 for losing)
|raw|DannyMcCake's rating: 1322 → 1343(+21 for winning)
|c|☆Jean_con|gg
|l|☆Jean_con
|c|☆DannyMcCake|Ggs
