|j|☆Magikan
|j|☆pikaplayer101
|t:|1685851482
|gametype|singles
|player|p1|Magikan|parasollady|1000
|player|p2|pikaplayer101|red-gen2|1090
|teamsize|p1|6
|teamsize|p2|6
|gen|9
|tier|[Gen 9] OU
|rated|
|rule|Sleep Clause Mod: Limit one foe put to sleep
|rule|Species Clause: Limit one of each Pokémon
|rule|OHKO Clause: OHKO moves are banned
|rule|Evasion Items Clause: Evasion items are banned
|rule|Evasion Moves Clause: Evasion moves are banned
|rule|Endless Battle Clause: Forcing endless battles is banned
|rule|HP Percentage Mod: HP is shown in percentages
|clearpoke
|poke|p1|Misdreavus, F|
|poke|p1|Toxel, F|
|poke|p1|Pawmo, M|
|poke|p1|Maushold|
|poke|p1|Dolliv, F|
|poke|p1|Tinkatuff, F|
|poke|p2|Ursaluna, M|
|poke|p2|Grimmsnarl, M|
|poke|p2|Decidueye-Hisui, M|
|poke|p2|Kleavor, F|
|poke|p2|Sneasler, F|
|poke|p2|Lilligant-Hisui, F|
|teampreview
|inactive|Battle timer is ON: inactive players will automatically lose when time's up. (requested by pikaplayer101)
|
|t:|1685851549
|start
|switch|p1a: Misdreavus|Misdreavus, F|100/100
|switch|p2a: Kleavor|Kleavor, F|100/100
|turn|1
|
|t:|1685851569
|move|p1a: Misdreavus|Curse|p2a: Kleavor
|-start|p2a: Kleavor|Curse|[of] p1a: Misdreavus
|-damage|p1a: Misdreavus|50/100
|move|p2a: Kleavor|Stone Axe|p1a: Misdreavus
|-damage|p1a: Misdreavus|0 fnt
|-sidestart|p1: Magikan|move: Stealth Rock
|faint|p1a: Misdreavus
|
|-damage|p2a: Kleavor|76/100|[from] Curse
|upkeep
|inactive|Magikan has 120 seconds left.
|
|t:|1685851609
|switch|p1a: Pawmo|Pawmo, M|100/100
|-damage|p1a: Pawmo|94/100|[from] Stealth Rock
|turn|2
|
|t:|1685851618
|move|p1a: Pawmo|Mach Punch|p2a: Kleavor
|-damage|p2a: Kleavor|47/100
|move|p2a: Kleavor|U-turn|p1a: Pawmo
|-resisted|p1a: Pawmo
|-damage|p1a: Pawmo|47/100
|inactive|pikaplayer101 has 120 seconds left.
|inactive|pikaplayer101 has 90 seconds left.
|inactive|pikaplayer101 has 60 seconds left.
|
|t:|1685851720
|switch|p2a: Lilligant|Lilligant-Hisui, F|100/100|[from] U-turn
|
|upkeep
|turn|3
|
|t:|1685851727
|move|p2a: Lilligant|Victory Dance|p2a: Lilligant
|-boost|p2a: Lilligant|atk|1
|-boost|p2a: Lilligant|def|1
|-boost|p2a: Lilligant|spe|1
|move|p1a: Pawmo|Thunder Punch|p2a: Lilligant
|-resisted|p2a: Lilligant
|-damage|p2a: Lilligant|81/100
|
|upkeep
|turn|4
|inactive|Magikan has 120 seconds left.
|inactive|Magikan has 90 seconds left.
|inactive|Magikan has 60 seconds left.
|
|t:|1685851806
|switch|p1a: Tinkatuff|Tinkatuff, F|100/100
|-damage|p1a: Tinkatuff|95/100|[from] Stealth Rock
|-ability|p1a: Tinkatuff|Mold Breaker
|move|p2a: Lilligant|Leaf Blade|p1a: Tinkatuff
|-resisted|p1a: Tinkatuff
|-damage|p1a: Tinkatuff|31/100
|
|upkeep
|turn|5
|
|t:|1685851824
|move|p2a: Lilligant|Leaf Blade|p1a: Tinkatuff
|-resisted|p1a: Tinkatuff
|-damage|p1a: Tinkatuff|0 fnt
|faint|p1a: Tinkatuff
|
|upkeep
|
|t:|1685851834
|switch|p1a: Maushold|Maushold|100/100
|-damage|p1a: Maushold|88/100|[from] Stealth Rock
|turn|6
|
|t:|1685851841
|move|p2a: Lilligant|Leaf Blade|p1a: Maushold
|-damage|p1a: Maushold|0 fnt
|faint|p1a: Maushold
|
|upkeep
|
|t:|1685851870
|switch|p1a: Dolliv|Dolliv, F|100/100
|-damage|p1a: Dolliv|88/100|[from] Stealth Rock
|turn|7
|
|t:|1685851877
|move|p2a: Lilligant|Leaf Blade|p1a: Dolliv
|-resisted|p1a: Dolliv
|-damage|p1a: Dolliv|0 fnt
|faint|p1a: Dolliv
|
|upkeep
|l|☆Magikan
|inactive|Magikan disconnected and has a minute to reconnect!
|player|p1|
|inactive|Magikan has 30 seconds left.
|inactive|Magikan has 20 seconds left.
|inactive|Magikan has 15 seconds left.
|inactive|Magikan has 10 seconds left.
|inactive|Magikan has 5 seconds left.
|-message|Magikan lost due to inactivity.
|
|win|pikaplayer101
|raw|Magikan's rating: 1000 → 1000(+0 for losing)
|raw|pikaplayer101's rating: 1066 → 1090(+24 for winning)
