|j|☆Steezy1
|j|☆Pyrax69
|t:|1685925344
|gametype|singles
|player|p1|Steezy1|170|1385
|player|p2|Pyrax69|cynthia-gen4|1464
|teamsize|p1|6
|teamsize|p2|6
|gen|9
|tier|[Gen 9] OU
|rated|
|rule|Sleep Clause Mod: Limit one foe put to sleep
|rule|Species Clause: Limit one of each Pokémon
|rule|OHKO Clause: OHKO moves are banned
|rule|Evasion Items Clause: Evasion items are banned
|rule|Evasion Moves Clause: Evasion moves are banned
|rule|Endless Battle Clause: Forcing endless battles is banned
|rule|HP Percentage Mod: HP is shown in percentages
|clearpoke
|poke|p1|Pelipper, M|
|poke|p1|Rotom-Wash|
|poke|p1|Barraskewda, M|
|poke|p1|Garchomp, F|
|poke|p1|Gholdengo|
|poke|p1|Quaquaval, F|
|poke|p2|Chien-Pao|
|poke|p2|Volcarona, M|
|poke|p2|Gholdengo|
|poke|p2|Lilligant-Hisui, F|
|poke|p2|Great Tusk|
|poke|p2|Roaring Moon|
|teampreview
|
|t:|1685925357
|start
|switch|p1a: Garchomp|Garchomp, F|100/100
|switch|p2a: Great Tusk|Great Tusk|100/100
|turn|1
|inactive|Battle timer is ON: inactive players will automatically lose when time's up. (requested by Pyrax69)
|
|t:|1685925367
|move|p2a: Great Tusk|Stealth Rock|p1a: Garchomp
|-sidestart|p1: Steezy1|move: Stealth Rock
|move|p1a: Garchomp|Stealth Rock|p2a: Great Tusk
|-sidestart|p2: Pyrax69|move: Stealth Rock
|
|upkeep
|turn|2
|
|t:|1685925374
|move|p2a: Great Tusk|Rapid Spin|p1a: Garchomp
|-damage|p1a: Garchomp|87/100
|-boost|p2a: Great Tusk|spe|1
|-damage|p2a: Great Tusk|88/100|[from] ability: Rough Skin|[of] p1a: Garchomp
|-damage|p2a: Great Tusk|72/100|[from] item: Rocky Helmet|[of] p1a: Garchomp
|-sideend|p2: Pyrax69|Stealth Rock|[from] move: Rapid Spin|[of] p2a: Great Tusk
|move|p1a: Garchomp|Dragon Tail|p2a: Great Tusk
|-damage|p2a: Great Tusk|52/100
|-end|p2a: Great Tusk|Protosynthesis|[silent]
|drag|p2a: Lilligant|Lilligant-Hisui, F|100/100
|
|upkeep
|turn|3
|
|t:|1685925388
|move|p2a: Lilligant|Sleep Powder|p1a: Garchomp
|-status|p1a: Garchomp|slp|[from] move: Sleep Powder
|cant|p1a: Garchomp|slp
|
|upkeep
|turn|4
|
|t:|1685925395
|move|p2a: Lilligant|Victory Dance|p2a: Lilligant
|-boost|p2a: Lilligant|atk|1
|-boost|p2a: Lilligant|def|1
|-boost|p2a: Lilligant|spe|1
|cant|p1a: Garchomp|slp
|
|upkeep
|turn|5
|
|t:|1685925402
|move|p2a: Lilligant|Victory Dance|p2a: Lilligant
|-boost|p2a: Lilligant|atk|1
|-boost|p2a: Lilligant|def|1
|-boost|p2a: Lilligant|spe|1
|-curestatus|p1a: Garchomp|slp|[msg]
|move|p1a: Garchomp|Dragon Tail|p2a: Lilligant
|-damage|p2a: Lilligant|80/100
|drag|p2a: Great Tusk|Great Tusk|52/100
|
|upkeep
|turn|6
|
|t:|1685925413
|-end|p2a: Great Tusk|Protosynthesis|[silent]
|switch|p2a: Volcarona|Volcarona, M|100/100
|move|p1a: Garchomp|Stealth Rock|p2a: Volcarona
|-sidestart|p2: Pyrax69|move: Stealth Rock
|
|upkeep
|turn|7
|
|t:|1685925420
|move|p2a: Volcarona|Quiver Dance|p2a: Volcarona
|-boost|p2a: Volcarona|spa|1
|-boost|p2a: Volcarona|spd|1
|-boost|p2a: Volcarona|spe|1
|move|p1a: Garchomp|Dragon Tail|p2a: Volcarona
|-damage|p2a: Volcarona|58/100
|drag|p2a: Roaring Moon|Roaring Moon|100/100
|-damage|p2a: Roaring Moon|88/100|[from] Stealth Rock
|-enditem|p2a: Roaring Moon|Booster Energy
|-activate|p2a: Roaring Moon|ability: Protosynthesis|[fromitem]
|-start|p2a: Roaring Moon|protosynthesisatk
|
|upkeep
|turn|8
|
|t:|1685925433
|-terastallize|p2a: Roaring Moon|Flying
|-terastallize|p1a: Garchomp|Fairy
|move|p2a: Roaring Moon|Dragon Dance|p2a: Roaring Moon
|-boost|p2a: Roaring Moon|atk|1
|-boost|p2a: Roaring Moon|spe|1
|move|p1a: Garchomp|Dragon Tail|p2a: Roaring Moon
|-damage|p2a: Roaring Moon|52/100
|-end|p2a: Roaring Moon|Protosynthesis|[silent]
|drag|p2a: Volcarona|Volcarona, M|58/100
|
|upkeep
|turn|9
|
|t:|1685925446
|move|p2a: Volcarona|Fiery Dance|p1a: Garchomp
|-damage|p1a: Garchomp|49/100
|-boost|p2a: Volcarona|spa|1
|move|p1a: Garchomp|Dragon Tail|p2a: Volcarona
|-damage|p2a: Volcarona|15/100
|drag|p2a: Chien-Pao|Chien-Pao|100/100
|-ability|p2a: Chien-Pao|Sword of Ruin
|
|upkeep
|turn|10
|
|t:|1685925457
|move|p2a: Chien-Pao|Icicle Crash|p1a: Garchomp|[miss]
|-miss|p2a: Chien-Pao|p1a: Garchomp
|move|p1a: Garchomp|Dragon Tail|p2a: Chien-Pao|[miss]
|-miss|p1a: Garchomp|p2a: Chien-Pao
|
|upkeep
|turn|11
|
|t:|1685925465
|move|p2a: Chien-Pao|Icicle Crash|p1a: Garchomp
|-damage|p1a: Garchomp|11/100
|move|p1a: Garchomp|Dragon Tail|p2a: Chien-Pao
|-damage|p2a: Chien-Pao|66/100
|drag|p2a: Gholdengo|Gholdengo|100/100
|-damage|p2a: Gholdengo|94/100|[from] Stealth Rock
|
|upkeep
|turn|12
|-message|Pyrax69 forfeited.
|
|win|Steezy1
|raw|Steezy1's rating: 1385 → 1409(+24 for winning)
|raw|Pyrax69's rating: 1464 → 1440(-24 for losing)
|l|☆Pyrax69
