|j|☆mnklpo
|j|☆TimeLady420
|t:|1685876044
|gametype|singles
|player|p1|mnklpo|dawn|1258
|player|p2|TimeLady420|dawn-gen4pt|1183
|teamsize|p1|6
|teamsize|p2|6
|gen|9
|tier|[Gen 9] OU
|rated|
|rule|Sleep Clause Mod: Limit one foe put to sleep
|rule|Species Clause: Limit one of each Pokémon
|rule|OHKO Clause: OHKO moves are banned
|rule|Evasion Items Clause: Evasion items are banned
|rule|Evasion Moves Clause: Evasion moves are banned
|rule|Endless Battle Clause: Forcing endless battles is banned
|rule|HP Percentage Mod: HP is shown in percentages
|clearpoke
|poke|p1|Arcanine-Hisui, M|
|poke|p1|Kleavor, M|
|poke|p1|Sneasler, F|
|poke|p1|Ursaluna, F|
|poke|p1|Electrode-Hisui|
|poke|p1|Corviknight, M|
|poke|p2|Pelipper, F|
|poke|p2|Floatzel, M|
|poke|p2|Amoonguss, M|
|poke|p2|Magearna|
|poke|p2|Basculegion-F, F|
|poke|p2|Great Tusk|
|teampreview
|inactive|Battle timer is ON: inactive players will automatically lose when time's up. (requested by mnklpo)
|
|t:|1685876055
|start
|switch|p1a: Electrode|Electrode-Hisui|100/100
|switch|p2a: Pelipper|Pelipper, F|100/100
|-weather|RainDance|[from] ability: Drizzle|[of] p2a: Pelipper
|turn|1
|
|t:|1685876061
|switch|p2a: Amoonguss|Amoonguss, M|100/100
|move|p1a: Electrode|Volt Switch|p2a: Amoonguss
|-resisted|p2a: Amoonguss
|-damage|p2a: Amoonguss|82/100
|-enditem|p2a: Amoonguss|Eject Button
|
|t:|1685876081
|switch|p2a: Basculegion|Basculegion-F, F|100/100
|
|-weather|RainDance|[upkeep]
|upkeep
|turn|2
|
|t:|1685876095
|switch|p1a: Ursaluna|Ursaluna, F, shiny|100/100
|-terastallize|p2a: Basculegion|Ghost
|move|p2a: Basculegion|Shadow Ball|p1a: Ursaluna
|-immune|p1a: Ursaluna
|
|-weather|RainDance|[upkeep]
|-status|p1a: Ursaluna|brn|[from] item: Flame Orb
|upkeep
|turn|3
|inactive|TimeLady420 has 120 seconds left.
|
|t:|1685876121
|switch|p2a: Great Tusk|Great Tusk|100/100
|-terastallize|p1a: Ursaluna|Grass
|move|p1a: Ursaluna|Headlong Rush|p2a: Great Tusk
|-damage|p2a: Great Tusk|18/100
|-unboost|p1a: Ursaluna|def|1
|-unboost|p1a: Ursaluna|spd|1
|
|-weather|RainDance|[upkeep]
|-heal|p2a: Great Tusk|24/100|[from] item: Leftovers
|-damage|p1a: Ursaluna|94/100 brn|[from] brn
|upkeep
|turn|4
|inactive|TimeLady420 has 120 seconds left.
|
|t:|1685876129
|move|p2a: Great Tusk|Stealth Rock|p1a: Ursaluna
|-sidestart|p1: mnklpo|move: Stealth Rock
|move|p1a: Ursaluna|Headlong Rush|p2a: Great Tusk
|-damage|p2a: Great Tusk|0 fnt
|-unboost|p1a: Ursaluna|def|1
|-unboost|p1a: Ursaluna|spd|1
|faint|p2a: Great Tusk
|-end|p2a: Great Tusk|Protosynthesis|[silent]
|
|-weather|RainDance|[upkeep]
|-damage|p1a: Ursaluna|88/100 brn|[from] brn
|upkeep
|inactive|TimeLady420 has 120 seconds left.
|
|t:|1685876146
|switch|p2a: Basculegion|Basculegion-F, F, tera:Ghost|100/100
|turn|5
|
|t:|1685876150
|switch|p1a: Kleavor|Kleavor, M|100/100
|-damage|p1a: Kleavor|76/100|[from] Stealth Rock
|move|p2a: Basculegion|Shadow Ball|p1a: Kleavor
|-damage|p1a: Kleavor|0 fnt
|faint|p1a: Kleavor
|
|-weather|RainDance|[upkeep]
|upkeep
|
|t:|1685876161
|switch|p1a: Corviknight|Corviknight, M|100/100
|-ability|p1a: Corviknight|Unnerve
|-damage|p1a: Corviknight|88/100|[from] Stealth Rock
|turn|6
|
|t:|1685876167
|move|p2a: Basculegion|Shadow Ball|p1a: Corviknight
|-damage|p1a: Corviknight|33/100
|move|p1a: Corviknight|Defog|p2a: Basculegion
|-unboost|p2a: Basculegion|evasion|1
|-sideend|p1: mnklpo|Stealth Rock|[from] move: Defog|[of] p1a: Corviknight
|
|-weather|RainDance|[upkeep]
|-heal|p1a: Corviknight|39/100|[from] item: Leftovers
|upkeep
|turn|7
|
|t:|1685876173
|move|p2a: Basculegion|Shadow Ball|p1a: Corviknight
|-damage|p1a: Corviknight|0 fnt
|faint|p1a: Corviknight
|
|-weather|RainDance|[upkeep]
|upkeep
|
|t:|1685876179
|switch|p1a: Ursaluna|Ursaluna, F, shiny, tera:Grass|88/100 brn
|turn|8
|
|t:|1685876191
|switch|p2a: Amoonguss|Amoonguss, M|100/100
|move|p1a: Ursaluna|Headlong Rush|p2a: Amoonguss
|-damage|p2a: Amoonguss|29/100
|-unboost|p1a: Ursaluna|def|1
|-unboost|p1a: Ursaluna|spd|1
|
|-weather|none
|-damage|p1a: Ursaluna|82/100 brn|[from] brn
|upkeep
|turn|9
|
|t:|1685876209
|move|p1a: Ursaluna|Facade|p2a: Amoonguss
|-damage|p2a: Amoonguss|0 fnt
|faint|p2a: Amoonguss
|
|-damage|p1a: Ursaluna|76/100 brn|[from] brn
|upkeep
|
|t:|1685876217
|switch|p2a: Pelipper|Pelipper, F|100/100
|-weather|RainDance|[from] ability: Drizzle|[of] p2a: Pelipper
|turn|10
|
|t:|1685876228
|switch|p2a: Basculegion|Basculegion-F, F, tera:Ghost|100/100
|move|p1a: Ursaluna|Facade|p2a: Basculegion
|-immune|p2a: Basculegion
|
|-weather|RainDance|[upkeep]
|-damage|p1a: Ursaluna|70/100 brn|[from] brn
|upkeep
|turn|11
|
|t:|1685876238
|move|p2a: Basculegion|Shadow Ball|p1a: Ursaluna
|-damage|p1a: Ursaluna|0 fnt
|faint|p1a: Ursaluna
|
|-weather|RainDance|[upkeep]
|upkeep
|
|t:|1685876251
|switch|p1a: Arcanine|Arcanine-Hisui, M|100/100
|turn|12
|
|t:|1685876262
|move|p2a: Basculegion|Shadow Ball|p1a: Arcanine
|-damage|p1a: Arcanine|7/100
|move|p1a: Arcanine|Head Smash|p2a: Basculegion
|-damage|p2a: Basculegion|7/100
|
|-weather|RainDance|[upkeep]
|upkeep
|turn|13
|
|t:|1685876270
|move|p2a: Basculegion|Shadow Ball|p1a: Arcanine
|-damage|p1a: Arcanine|0 fnt
|faint|p1a: Arcanine
|
|-weather|RainDance|[upkeep]
|upkeep
|
|t:|1685876274
|switch|p1a: Electrode|Electrode-Hisui|100/100
|turn|14
|
|t:|1685876279
|move|p2a: Basculegion|Shadow Ball|p1a: Electrode
|-damage|p1a: Electrode|0 fnt
|faint|p1a: Electrode
|
|-weather|RainDance|[upkeep]
|upkeep
|-message|mnklpo forfeited.
|
|win|TimeLady420
|raw|mnklpo's rating: 1258 → 1228(-30 for losing)
|raw|TimeLady420's rating: 1183 → 1213(+30 for winning)
|l|☆mnklpo
