|j|☆tchinio
|j|☆mosthated1
|t:|1685927267
|gametype|singles
|player|p1|tchinio|ghetsis|1094
|player|p2|mosthated1|hoopster|1118
|teamsize|p1|6
|teamsize|p2|6
|gen|9
|tier|[Gen 9] OU
|rated|
|rule|Sleep Clause Mod: Limit one foe put to sleep
|rule|Species Clause: Limit one of each Pokémon
|rule|OHKO Clause: OHKO moves are banned
|rule|Evasion Items Clause: Evasion items are banned
|rule|Evasion Moves Clause: Evasion moves are banned
|rule|Endless Battle Clause: Forcing endless battles is banned
|rule|HP Percentage Mod: HP is shown in percentages
|clearpoke
|poke|p1|Ursaluna, F|
|poke|p1|Articuno|
|poke|p1|Garchomp, F|
|poke|p1|Breloom, M|
|poke|p1|Decidueye-Hisui, M|
|poke|p1|Hatterene, F|
|poke|p2|Magearna|
|poke|p2|Kleavor, M|
|poke|p2|Volcarona, F|
|poke|p2|Alomomola, F|
|poke|p2|Dragonite, F|
|poke|p2|Grimmsnarl, M|
|teampreview
|inactive|Battle timer is ON: inactive players will automatically lose when time's up. (requested by tchinio)
|
|t:|1685927276
|start
|switch|p1a: Breloom|Breloom, M|100/100
|switch|p2a: Kleavor|Kleavor, M|100/100
|turn|1
|
|t:|1685927283
|move|p2a: Kleavor|X-Scissor|p1a: Breloom
|-damage|p1a: Breloom|0 fnt
|faint|p1a: Breloom
|
|upkeep
|
|t:|1685927304
|switch|p1a: Hatterene|Hatterene, F|100/100
|turn|2
|
|t:|1685927318
|switch|p2a: Alomomola|Alomomola, F|100/100
|move|p1a: Hatterene|Swords Dance|p1a: Hatterene
|-boost|p1a: Hatterene|atk|2
|
|upkeep
|turn|3
|
|t:|1685927329
|move|p2a: Alomomola|Whirlpool|p1a: Hatterene
|-damage|p1a: Hatterene|92/100
|-activate|p1a: Hatterene|move: Whirlpool|[of] p2a: Alomomola
|move|p1a: Hatterene|Nuzzle|p2a: Alomomola
|-supereffective|p2a: Alomomola
|-damage|p2a: Alomomola|82/100
|-status|p2a: Alomomola|par
|-damage|p1a: Hatterene|76/100|[from] item: Rocky Helmet|[of] p2a: Alomomola
|
|-damage|p1a: Hatterene|64/100|[from] move: Whirlpool|[partiallytrapped]
|upkeep
|turn|4
|
|t:|1685927342
|move|p1a: Hatterene|Play Rough|p2a: Alomomola
|-damage|p2a: Alomomola|22/100 par
|-damage|p1a: Hatterene|47/100|[from] item: Rocky Helmet|[of] p2a: Alomomola
|move|p2a: Alomomola|Wish|p2a: Alomomola
|
|-damage|p1a: Hatterene|35/100|[from] move: Whirlpool|[partiallytrapped]
|upkeep
|turn|5
|
|t:|1685927350
|move|p2a: Alomomola|Protect|p2a: Alomomola
|-singleturn|p2a: Alomomola|Protect
|move|p1a: Hatterene|Play Rough|p2a: Alomomola
|-activate|p2a: Alomomola|move: Protect
|
|-heal|p2a: Alomomola|72/100 par|[from] move: Wish|[wisher] Alomomola
|-damage|p1a: Hatterene|23/100|[from] move: Whirlpool|[partiallytrapped]
|upkeep
|turn|6
|
|t:|1685927359
|move|p1a: Hatterene|Swords Dance|p1a: Hatterene
|-boost|p1a: Hatterene|atk|2
|move|p2a: Alomomola|Wish|p2a: Alomomola
|
|-damage|p1a: Hatterene|11/100|[from] move: Whirlpool|[partiallytrapped]
|upkeep
|turn|7
|
|t:|1685927372
|switch|p2a: Dragonite|Dragonite, F|100/100
|move|p1a: Hatterene|Play Rough|p2a: Dragonite
|-supereffective|p2a: Dragonite
|-damage|p2a: Dragonite|0 fnt
|faint|p2a: Dragonite
|
|-end|p1a: Hatterene|Whirlpool|[partiallytrapped]|[silent]
|upkeep
|-message|mosthated1 forfeited.
|
|win|tchinio
|raw|tchinio's rating: 1094 → 1122(+28 for winning)
|raw|mosthated1's rating: 1118 → 1091(-27 for losing)
|l|☆mosthated1
