|j|☆samuelred21
|j|☆SchwuchtelSchlepp
|t:|1685924284
|gametype|singles
|player|p1|samuelred21|hugh|1237
|player|p2|SchwuchtelSchlepp|2|1174
|teamsize|p1|6
|teamsize|p2|6
|gen|9
|tier|[Gen 9] OU
|rated|
|rule|Sleep Clause Mod: Limit one foe put to sleep
|rule|Species Clause: Limit one of each Pokémon
|rule|OHKO Clause: OHKO moves are banned
|rule|Evasion Items Clause: Evasion items are banned
|rule|Evasion Moves Clause: Evasion moves are banned
|rule|Endless Battle Clause: Forcing endless battles is banned
|rule|HP Percentage Mod: HP is shown in percentages
|clearpoke
|poke|p1|Ditto|
|poke|p1|Drednaw, F|
|poke|p1|Ceruledge, M|
|poke|p1|Regidrago|
|poke|p1|Gholdengo|
|poke|p1|Amoonguss, M|
|poke|p2|Enamorus, F|
|poke|p2|Thundurus-Therian, M|
|poke|p2|Chien-Pao|
|poke|p2|Great Tusk|
|poke|p2|Volcanion|
|poke|p2|Zamazenta-*|
|teampreview
|
|t:|1685924309
|start
|switch|p1a: Amoonguss|Amoonguss, M|100/100
|switch|p2a: Great Tusk|Great Tusk|100/100
|turn|1
|
|t:|1685924315
|move|p2a: Great Tusk|Stealth Rock|p1a: Amoonguss
|-sidestart|p1: samuelred21|move: Stealth Rock
|move|p1a: Amoonguss|Spore|p2a: Great Tusk
|-status|p2a: Great Tusk|slp|[from] move: Spore
|
|upkeep
|turn|2
|
|t:|1685924331
|cant|p2a: Great Tusk|slp
|move|p1a: Amoonguss|Giga Drain|p2a: Great Tusk
|-supereffective|p2a: Great Tusk
|-damage|p2a: Great Tusk|16/100 slp
|
|-heal|p2a: Great Tusk|22/100 slp|[from] item: Leftovers
|upkeep
|turn|3
|
|t:|1685924353
|cant|p2a: Great Tusk|slp
|move|p1a: Amoonguss|Giga Drain|p2a: Great Tusk
|-supereffective|p2a: Great Tusk
|-damage|p2a: Great Tusk|0 fnt
|faint|p2a: Great Tusk
|-end|p2a: Great Tusk|Protosynthesis|[silent]
|
|upkeep
|
|t:|1685924355
|switch|p2a: Volcanion|Volcanion|100/100
|turn|4
|inactive|Battle timer is ON: inactive players will automatically lose when time's up. (requested by SchwuchtelSchlepp)
|
|t:|1685924362
|move|p2a: Volcanion|Substitute|p2a: Volcanion
|-start|p2a: Volcanion|Substitute
|-damage|p2a: Volcanion|75/100
|move|p1a: Amoonguss|Spore||[still]
|-fail|p1a: Amoonguss
|
|upkeep
|turn|5
|
|t:|1685924371
|move|p2a: Volcanion|Flamethrower|p1a: Amoonguss
|-supereffective|p1a: Amoonguss
|-damage|p1a: Amoonguss|3/100
|move|p1a: Amoonguss|Sludge Bomb|p2a: Volcanion
|-end|p2a: Volcanion|Substitute
|
|-heal|p1a: Amoonguss|10/100|[from] item: Black Sludge
|upkeep
|turn|6
|
|t:|1685924379
|move|p2a: Volcanion|Flamethrower|p1a: Amoonguss
|-supereffective|p1a: Amoonguss
|-damage|p1a: Amoonguss|0 fnt
|faint|p1a: Amoonguss
|
|upkeep
|
|t:|1685924402
|switch|p1a: Drednaw|Drednaw, F|100/100
|-damage|p1a: Drednaw|88/100|[from] Stealth Rock
|turn|7
|
|t:|1685924416
|move|p1a: Drednaw|Shell Smash|p1a: Drednaw
|-unboost|p1a: Drednaw|def|1
|-unboost|p1a: Drednaw|spd|1
|-boost|p1a: Drednaw|atk|2
|-boost|p1a: Drednaw|spa|2
|-boost|p1a: Drednaw|spe|2
|-enditem|p1a: Drednaw|White Herb
|-clearnegativeboost|p1a: Drednaw|[silent]
|move|p2a: Volcanion|Sludge Bomb|p1a: Drednaw
|-resisted|p1a: Drednaw
|-damage|p1a: Drednaw|63/100
|
|upkeep
|turn|8
|
|t:|1685924426
|move|p1a: Drednaw|Earthquake|p2a: Volcanion
|-supereffective|p2a: Volcanion
|-damage|p2a: Volcanion|0 fnt
|faint|p2a: Volcanion
|
|upkeep
|
|t:|1685924442
|switch|p2a: Enamorus|Enamorus, F|100/100
|turn|9
|
|t:|1685924453
|move|p2a: Enamorus|Earth Power|p1a: Drednaw
|-supereffective|p1a: Drednaw
|-damage|p1a: Drednaw|0 fnt
|faint|p1a: Drednaw
|
|upkeep
|
|t:|1685924462
|switch|p1a: Gholdengo|Gholdengo|100/100
|-damage|p1a: Gholdengo|94/100|[from] Stealth Rock
|-item|p1a: Gholdengo|Air Balloon
|turn|10
|
|t:|1685924473
|switch|p2a: Chien-Pao|Chien-Pao|100/100
|-ability|p2a: Chien-Pao|Sword of Ruin
|move|p1a: Gholdengo|Make It Rain|p2a: Chien-Pao
|-supereffective|p2a: Chien-Pao
|-damage|p2a: Chien-Pao|0 fnt
|-unboost|p1a: Gholdengo|spa|1
|faint|p2a: Chien-Pao
|
|upkeep
|
|t:|1685924485
|switch|p2a: Enamorus|Enamorus, F|100/100
|turn|11
|
|t:|1685924490
|move|p2a: Enamorus|Mystical Fire|p1a: Gholdengo
|-supereffective|p1a: Gholdengo
|-damage|p1a: Gholdengo|35/100
|-unboost|p1a: Gholdengo|spa|1
|-enditem|p1a: Gholdengo|Air Balloon
|move|p1a: Gholdengo|Make It Rain|p2a: Enamorus
|-supereffective|p2a: Enamorus
|-damage|p2a: Enamorus|5/100
|-unboost|p1a: Gholdengo|spa|1
|
|upkeep
|turn|12
|
|t:|1685924503
|move|p2a: Enamorus|Mystical Fire|p1a: Gholdengo
|-supereffective|p1a: Gholdengo
|-damage|p1a: Gholdengo|0 fnt
|faint|p1a: Gholdengo
|
|upkeep
|
|t:|1685924510
|switch|p1a: Ceruledge|Ceruledge, M|100/100
|-damage|p1a: Ceruledge|76/100|[from] Stealth Rock
|turn|13
|
|t:|1685924523
|move|p1a: Ceruledge|Shadow Sneak|p2a: Enamorus
|-damage|p2a: Enamorus|0 fnt
|faint|p2a: Enamorus
|
|upkeep
|
|t:|1685924526
|switch|p2a: Zamazenta|Zamazenta-Crowned|100/100
|-ability|p2a: Zamazenta|Dauntless Shield|boost
|-boost|p2a: Zamazenta|def|1
|turn|14
|
|t:|1685924533
|move|p2a: Zamazenta|Crunch|p1a: Ceruledge
|-supereffective|p1a: Ceruledge
|-damage|p1a: Ceruledge|8/100
|-ability|p1a: Ceruledge|Weak Armor|boost
|-unboost|p1a: Ceruledge|def|1
|-boost|p1a: Ceruledge|spe|2
|move|p1a: Ceruledge|Swords Dance|p1a: Ceruledge
|-boost|p1a: Ceruledge|atk|2
|
|upkeep
|turn|15
|
|t:|1685924543
|move|p1a: Ceruledge|Bitter Blade|p2a: Zamazenta
|-supereffective|p2a: Zamazenta
|-damage|p2a: Zamazenta|27/100
|-heal|p1a: Ceruledge|50/100|[from] drain|[of] p2a: Zamazenta
|move|p2a: Zamazenta|Crunch|p1a: Ceruledge
|-supereffective|p1a: Ceruledge
|-damage|p1a: Ceruledge|0 fnt
|faint|p1a: Ceruledge
|
|upkeep
|
|t:|1685924558
|switch|p1a: Regidrago|Regidrago|100/100
|-damage|p1a: Regidrago|88/100|[from] Stealth Rock
|turn|16
|
|t:|1685924565
|move|p2a: Zamazenta|Body Press|p1a: Regidrago
|-damage|p1a: Regidrago|5/100
|move|p1a: Regidrago|Dragon Dance|p1a: Regidrago
|-boost|p1a: Regidrago|atk|1
|-boost|p1a: Regidrago|spe|1
|
|upkeep
|turn|17
|
|t:|1685924576
|move|p1a: Regidrago|Outrage|p2a: Zamazenta
|-resisted|p2a: Zamazenta
|-damage|p2a: Zamazenta|0 fnt
|faint|p2a: Zamazenta
|-damage|p1a: Regidrago|0 fnt|[from] item: Life Orb
|faint|p1a: Regidrago
|
|upkeep
|
|t:|1685924583
|switch|p2a: Thundurus|Thundurus-Therian, M|100/100
|switch|p1a: Ditto|Ditto|100/100
|-damage|p1a: Ditto|88/100|[from] Stealth Rock
|-transform|p1a: Ditto|p2a: Thundurus|[from] ability: Imposter
|turn|18
|
|t:|1685924603
|-terastallize|p2a: Thundurus|Water
|move|p1a: Ditto|Nasty Plot|p1a: Ditto
|-boost|p1a: Ditto|spa|2
|move|p2a: Thundurus|Tera Blast|p1a: Ditto
|-damage|p1a: Ditto|26/100
|
|-heal|p1a: Ditto|32/100|[from] item: Leftovers
|upkeep
|turn|19
|
|t:|1685924612
|move|p2a: Thundurus|Tera Blast|p1a: Ditto
|-damage|p1a: Ditto|0 fnt
|faint|p1a: Ditto
|
|win|SchwuchtelSchlepp
|raw|samuelred21's rating: 1237 → 1208(-29 for losing)
|raw|SchwuchtelSchlepp's rating: 1174 → 1203(+29 for winning)
