|j|☆321g
|j|☆e110_omega
|t:|1685899501
|gametype|singles
|player|p1|321g|101|1158
|player|p2|e110_omega|ethan|1124
|teamsize|p1|6
|teamsize|p2|6
|gen|9
|tier|[Gen 9] OU
|rated|
|rule|Sleep Clause Mod: Limit one foe put to sleep
|rule|Species Clause: Limit one of each Pokémon
|rule|OHKO Clause: OHKO moves are banned
|rule|Evasion Items Clause: Evasion items are banned
|rule|Evasion Moves Clause: Evasion moves are banned
|rule|Endless Battle Clause: Forcing endless battles is banned
|rule|HP Percentage Mod: HP is shown in percentages
|clearpoke
|poke|p1|Avalugg, M|
|poke|p1|Frosmoth, M|
|poke|p1|Cloyster, M|
|poke|p1|Glalie, F|
|poke|p1|Abomasnow, F|
|poke|p1|Squawkabilly-Blue, M|
|poke|p2|Basculegion, M|
|poke|p2|Chien-Pao|
|poke|p2|Clodsire, F|
|poke|p2|Breloom, M|
|poke|p2|Thundurus, M|
|poke|p2|Cinderace, M|
|teampreview
|l|☆321g
|player|p1|
|j|☆321g
|player|p1|321g|101
|inactive|Battle timer is ON: inactive players will automatically lose when time's up. (requested by 321g)
|
|t:|1685899515
|start
|switch|p1a: Squawkabilly|Squawkabilly-Blue, M|100/100
|switch|p2a: Basculegion|Basculegion, M, shiny|100/100
|turn|1
|
|t:|1685899531
|move|p1a: Squawkabilly|U-turn|p2a: Basculegion
|-resisted|p2a: Basculegion
|-damage|p2a: Basculegion|91/100
|
|t:|1685899537
|switch|p1a: Avalugg|Avalugg, M|100/100|[from] U-turn
|move|p2a: Basculegion|Head Smash|p1a: Avalugg|[miss]
|-miss|p2a: Basculegion|p1a: Avalugg
|
|upkeep
|turn|2
|inactive|321g has 120 seconds left.
|l|☆321g
|inactive|321g disconnected and has a minute to reconnect!
|player|p1|
|inactive|321g has 30 seconds to reconnect!
|inactive|321g has 20 seconds to reconnect!
|j|☆321g
|inactive|321g reconnected and has 75 seconds left.
|player|p1|321g|101
|
|t:|1685899618
|switch|p2a: Thundurus|Thundurus, M|100/100
|switch|p1a: Abomasnow|Abomasnow, F|100/100
|-weather|Snow|[from] ability: Snow Warning|[of] p1a: Abomasnow
|
|-weather|Snow|[upkeep]
|upkeep
|turn|3
|
|t:|1685899630
|move|p2a: Thundurus|Taunt|p1a: Abomasnow
|-start|p1a: Abomasnow|move: Taunt
|cant|p1a: Abomasnow|move: Taunt|Aurora Veil
|
|-weather|Snow|[upkeep]
|upkeep
|turn|4
|
|t:|1685899636
|switch|p1a: Glalie|Glalie, F|100/100
|move|p2a: Thundurus|Substitute|p2a: Thundurus
|-start|p2a: Thundurus|Substitute
|-damage|p2a: Thundurus|76/100
|
|-weather|Snow|[upkeep]
|upkeep
|turn|5
|
|t:|1685899647
|move|p2a: Thundurus|Wildbolt Storm|p1a: Glalie
|-damage|p1a: Glalie|46/100
|-status|p1a: Glalie|par
|move|p1a: Glalie|Freeze-Dry|p2a: Thundurus
|-supereffective|p2a: Thundurus
|-end|p2a: Thundurus|Substitute
|
|-weather|Snow|[upkeep]
|-heal|p1a: Glalie|52/100 par|[from] ability: Ice Body
|-heal|p1a: Glalie|58/100 par|[from] item: Leftovers
|upkeep
|turn|6
|
|t:|1685899657
|move|p2a: Thundurus|Nasty Plot|p2a: Thundurus
|-boost|p2a: Thundurus|spa|2
|cant|p1a: Glalie|par
|
|-weather|Snow|[upkeep]
|-heal|p1a: Glalie|64/100 par|[from] ability: Ice Body
|-heal|p1a: Glalie|70/100 par|[from] item: Leftovers
|upkeep
|turn|7
|
|t:|1685899666
|move|p1a: Glalie|Protect|p1a: Glalie
|-singleturn|p1a: Glalie|Protect
|move|p2a: Thundurus|Substitute|p2a: Thundurus
|-start|p2a: Thundurus|Substitute
|-damage|p2a: Thundurus|51/100
|
|-weather|Snow|[upkeep]
|-heal|p1a: Glalie|76/100 par|[from] ability: Ice Body
|-heal|p1a: Glalie|82/100 par|[from] item: Leftovers
|upkeep
|turn|8
|
|t:|1685899673
|move|p2a: Thundurus|Wildbolt Storm|p1a: Glalie
|-damage|p1a: Glalie|0 fnt
|faint|p1a: Glalie
|
|-weather|Snow|[upkeep]
|upkeep
|
|t:|1685899681
|switch|p1a: Cloyster|Cloyster, M|100/100
|turn|9
|inactive|321g has 90 seconds left.
|
|t:|1685899690
|move|p2a: Thundurus|Wildbolt Storm|p1a: Cloyster
|-supereffective|p1a: Cloyster
|-enditem|p1a: Cloyster|Focus Sash
|-damage|p1a: Cloyster|1/100
|move|p1a: Cloyster|Shell Smash|p1a: Cloyster
|-unboost|p1a: Cloyster|def|1
|-unboost|p1a: Cloyster|spd|1
|-boost|p1a: Cloyster|atk|2
|-boost|p1a: Cloyster|spa|2
|-boost|p1a: Cloyster|spe|2
|
|-weather|none
|upkeep
|turn|10
|
|t:|1685899701
|move|p1a: Cloyster|Icicle Spear|p2a: Thundurus
|-supereffective|p2a: Thundurus
|-end|p2a: Thundurus|Substitute
|-supereffective|p2a: Thundurus
|-damage|p2a: Thundurus|0 fnt
|faint|p2a: Thundurus
|-hitcount|p2: Thundurus|2
|
|upkeep
|
|t:|1685899707
|switch|p2a: Breloom|Breloom, M, shiny|100/100
|turn|11
|
|t:|1685899715
|move|p1a: Cloyster|Ice Shard|p2a: Breloom
|-supereffective|p2a: Breloom
|-damage|p2a: Breloom|13/100
|move|p2a: Breloom|Mach Punch|p1a: Cloyster
|-supereffective|p1a: Cloyster
|-damage|p1a: Cloyster|0 fnt
|faint|p1a: Cloyster
|
|upkeep
|
|t:|1685899725
|switch|p1a: Squawkabilly|Squawkabilly-Blue, M|100/100
|turn|12
|
|t:|1685899736
|switch|p2a: Clodsire|Clodsire, F|100/100
|move|p1a: Squawkabilly|Tailwind|p1a: Squawkabilly
|-sidestart|p1: 321g|move: Tailwind
|
|upkeep
|turn|13
|
|t:|1685899745
|move|p1a: Squawkabilly|Brave Bird|p2a: Clodsire
|-damage|p2a: Clodsire|40/100
|-damage|p1a: Squawkabilly|70/100|[from] Recoil
|move|p2a: Clodsire|Gunk Shot|p1a: Squawkabilly
|-damage|p1a: Squawkabilly|0 fnt
|faint|p1a: Squawkabilly
|
|-heal|p2a: Clodsire|47/100|[from] item: Leftovers
|upkeep
|
|t:|1685899760
|switch|p1a: Abomasnow|Abomasnow, F|100/100
|-weather|Snow|[from] ability: Snow Warning|[of] p1a: Abomasnow
|turn|14
|
|t:|1685899765
|move|p1a: Abomasnow|Aurora Veil|p1a: Abomasnow
|-sidestart|p1: 321g|move: Aurora Veil
|move|p2a: Clodsire|Yawn|p1a: Abomasnow
|-start|p1a: Abomasnow|move: Yawn|[of] p2a: Clodsire
|
|-weather|Snow|[upkeep]
|-heal|p2a: Clodsire|53/100|[from] item: Leftovers
|upkeep
|turn|15
|inactive|321g has 120 seconds left.
|
|t:|1685899778
|switch|p1a: Frosmoth|Frosmoth, M|100/100
|move|p2a: Clodsire|Gunk Shot|p1a: Frosmoth
|-damage|p1a: Frosmoth|72/100
|-status|p1a: Frosmoth|psn
|
|-weather|Snow|[upkeep]
|-heal|p2a: Clodsire|59/100|[from] item: Leftovers
|-damage|p1a: Frosmoth|59/100 psn|[from] psn
|-sideend|p1: 321g|move: Tailwind
|upkeep
|turn|16
|inactive|321g has 120 seconds left.
|
|t:|1685899791
|move|p1a: Frosmoth|Quiver Dance|p1a: Frosmoth
|-boost|p1a: Frosmoth|spa|1
|-boost|p1a: Frosmoth|spd|1
|-boost|p1a: Frosmoth|spe|1
|move|p2a: Clodsire|Body Slam|p1a: Frosmoth
|-crit|p1a: Frosmoth
|-damage|p1a: Frosmoth|19/100 psn
|
|-weather|Snow|[upkeep]
|-heal|p2a: Clodsire|65/100|[from] item: Leftovers
|-damage|p1a: Frosmoth|7/100 psn|[from] psn
|upkeep
|turn|17
|inactive|321g has 120 seconds left.
|
|t:|1685899802
|move|p1a: Frosmoth|Blizzard|p2a: Clodsire
|-supereffective|p2a: Clodsire
|-damage|p2a: Clodsire|0 fnt
|faint|p2a: Clodsire
|
|-weather|Snow|[upkeep]
|-damage|p1a: Frosmoth|0 fnt|[from] psn
|faint|p1a: Frosmoth
|upkeep
|inactive|321g has 120 seconds left.
|
|t:|1685899814
|switch|p1a: Avalugg|Avalugg, M|100/100
|switch|p2a: Cinderace|Cinderace, M|100/100
|turn|18
|inactive|321g has 120 seconds left.
|
|t:|1685899822
|-terastallize|p2a: Cinderace|Steel
|move|p2a: Cinderace|Iron Head|p1a: Avalugg
|-supereffective|p1a: Avalugg
|-damage|p1a: Avalugg|88/100
|-damage|p2a: Cinderace|84/100|[from] item: Rocky Helmet|[of] p1a: Avalugg
|move|p1a: Avalugg|Avalanche|p2a: Cinderace
|-resisted|p2a: Cinderace
|-damage|p2a: Cinderace|44/100
|
|-weather|Snow|[upkeep]
|-sideend|p1: 321g|move: Aurora Veil
|upkeep
|turn|19
|inactive|321g has 120 seconds left.
|
|t:|1685899835
|switch|p2a: Breloom|Breloom, M, shiny|13/100
|move|p1a: Avalugg|Aurora Veil|p1a: Avalugg
|-sidestart|p1: 321g|move: Aurora Veil
|
|-weather|Snow|[upkeep]
|upkeep
|turn|20
|
|t:|1685899841
|move|p2a: Breloom|Force Palm|p1a: Avalugg
|-supereffective|p1a: Avalugg
|-damage|p1a: Avalugg|72/100
|-damage|p2a: Breloom|0 fnt|[from] item: Rocky Helmet|[of] p1a: Avalugg
|faint|p2a: Breloom
|move|p1a: Avalugg|Rapid Spin|p2: Breloom|[notarget]
|-fail|p1a: Avalugg
|
|-weather|Snow|[upkeep]
|upkeep
|
|t:|1685899849
|switch|p2a: Basculegion|Basculegion, M, shiny|91/100
|turn|21
|
|t:|1685899861
|-terastallize|p1a: Avalugg|Steel
|move|p2a: Basculegion|Psychic Fangs|p1a: Avalugg
|-sideend|p1: 321g|move: Aurora Veil
|-resisted|p1a: Avalugg
|-damage|p1a: Avalugg|62/100
|-damage|p2a: Basculegion|74/100|[from] item: Rocky Helmet|[of] p1a: Avalugg
|move|p1a: Avalugg|Avalanche|p2a: Basculegion
|-resisted|p2a: Basculegion
|-damage|p2a: Basculegion|42/100
|
|-weather|none
|upkeep
|turn|22
|inactive|321g has 120 seconds left.
|
|t:|1685899882
|switch|p2a: Cinderace|Cinderace, M, tera:Steel|44/100
|move|p1a: Avalugg|Avalanche|p2a: Cinderace
|-resisted|p2a: Cinderace
|-damage|p2a: Cinderace|23/100
|
|upkeep
|turn|23
|
|t:|1685899892
|move|p2a: Cinderace|Pyro Ball|p1a: Avalugg
|-supereffective|p1a: Avalugg
|-damage|p1a: Avalugg|1/100
|move|p1a: Avalugg|Avalanche|p2a: Cinderace
|-resisted|p2a: Cinderace
|-damage|p2a: Cinderace|0 fnt
|faint|p2a: Cinderace
|
|upkeep
|
|t:|1685899908
|switch|p2a: Basculegion|Basculegion, M, shiny|42/100
|turn|24
|
|t:|1685899918
|move|p2a: Basculegion|Head Smash|p1a: Avalugg|[miss]
|-miss|p2a: Basculegion|p1a: Avalugg
|move|p1a: Avalugg|Avalanche|p2a: Basculegion
|-resisted|p2a: Basculegion
|-damage|p2a: Basculegion|26/100
|
|upkeep
|turn|25
|
|t:|1685899926
|move|p2a: Basculegion|Head Smash|p1a: Avalugg|[miss]
|-miss|p2a: Basculegion|p1a: Avalugg
|move|p1a: Avalugg|Avalanche|p2a: Basculegion
|-resisted|p2a: Basculegion
|-damage|p2a: Basculegion|10/100
|
|upkeep
|turn|26
|
|t:|1685899935
|move|p2a: Basculegion|Head Smash|p1a: Avalugg
|-resisted|p1a: Avalugg
|-damage|p1a: Avalugg|0 fnt
|-damage|p2a: Basculegion|0 fnt|[from] item: Rocky Helmet|[of] p1a: Avalugg
|faint|p1a: Avalugg
|faint|p2a: Basculegion
|
|upkeep
|
|t:|1685899941
|switch|p2a: Chien-Pao|Chien-Pao|100/100
|switch|p1a: Abomasnow|Abomasnow, F|100/100
|-ability|p2a: Chien-Pao|Sword of Ruin
|-weather|Snow|[from] ability: Snow Warning|[of] p1a: Abomasnow
|turn|27
|
|t:|1685899949
|move|p2a: Chien-Pao|Swords Dance|p2a: Chien-Pao
|-boost|p2a: Chien-Pao|atk|2
|move|p1a: Abomasnow|Aurora Veil|p1a: Abomasnow
|-sidestart|p1: 321g|move: Aurora Veil
|
|-weather|Snow|[upkeep]
|upkeep
|turn|28
|
|t:|1685899955
|move|p2a: Chien-Pao|Swords Dance|p2a: Chien-Pao
|-boost|p2a: Chien-Pao|atk|2
|move|p1a: Abomasnow|Energy Ball|p2a: Chien-Pao
|-damage|p2a: Chien-Pao|51/100
|
|-weather|Snow|[upkeep]
|upkeep
|turn|29
|
|t:|1685899966
|move|p2a: Chien-Pao|Sacred Sword|p1a: Abomasnow
|-supereffective|p1a: Abomasnow
|-damage|p1a: Abomasnow|9/100
|move|p1a: Abomasnow|Energy Ball|p2a: Chien-Pao
|-damage|p2a: Chien-Pao|6/100
|-unboost|p2a: Chien-Pao|spd|1
|
|-weather|Snow|[upkeep]
|upkeep
|turn|30
|
|t:|1685899975
|move|p2a: Chien-Pao|Sucker Punch|p1a: Abomasnow
|-damage|p1a: Abomasnow|0 fnt
|faint|p1a: Abomasnow
|
|win|e110_omega
|raw|321g's rating: 1158 → 1131(-27 for losing)
|raw|e110_omega's rating: 1124 → 1151(+27 for winning)
