|j|☆roddyroderick44
|j|☆calamari sunday
|t:|1685821433
|gametype|singles
|player|p1|roddyroderick44|cyrus|1134
|player|p2|calamari sunday|blaine|1195
|teamsize|p1|6
|teamsize|p2|6
|gen|9
|tier|[Gen 9] OU
|rated|
|rule|Sleep Clause Mod: Limit one foe put to sleep
|rule|Species Clause: Limit one of each Pokémon
|rule|OHKO Clause: OHKO moves are banned
|rule|Evasion Items Clause: Evasion items are banned
|rule|Evasion Moves Clause: Evasion moves are banned
|rule|Endless Battle Clause: Forcing endless battles is banned
|rule|HP Percentage Mod: HP is shown in percentages
|clearpoke
|poke|p1|Cresselia, F|
|poke|p1|Armarouge, F|
|poke|p1|Ursaluna, M|
|poke|p1|Hatterene, F|
|poke|p1|Decidueye-Hisui, F|
|poke|p1|Goodra-Hisui, M|
|poke|p2|Great Tusk|
|poke|p2|Slowking, F|
|poke|p2|Enamorus, F|
|poke|p2|Cinderace, M|
|poke|p2|Hoopa-Unbound|
|poke|p2|Urshifu-*, F|
|teampreview
|inactive|Battle timer is ON: inactive players will automatically lose when time's up. (requested by roddyroderick44)
|
|t:|1685821452
|start
|switch|p1a: Cresselia|Cresselia, F|100/100
|switch|p2a: Hoopa|Hoopa-Unbound|100/100
|turn|1
|
|t:|1685821459
|move|p1a: Cresselia|Protect|p1a: Cresselia
|-singleturn|p1a: Cresselia|Protect
|move|p2a: Hoopa|Hyperspace Fury|p1a: Cresselia
|-activate|p1a: Cresselia|move: Hyperspace Fury|[broken]
|-supereffective|p1a: Cresselia
|-damage|p1a: Cresselia|0 fnt
|-unboost|p2a: Hoopa|def|1
|faint|p1a: Cresselia
|
|upkeep
|
|t:|1685821471
|switch|p1a: Hatterene|Hatterene, F|100/100
|turn|2
|
|t:|1685821479
|move|p2a: Hoopa|Hyperspace Fury|p1a: Hatterene
|-damage|p1a: Hatterene|4/100
|-unboost|p2a: Hoopa|def|1
|move|p1a: Hatterene|Trick Room|p1a: Hatterene
|-fieldstart|move: Trick Room|[of] p1a: Hatterene
|
|upkeep
|turn|3
|
|t:|1685821487
|switch|p2a: Slowking|Slowking, F|100/100
|move|p1a: Hatterene|Dazzling Gleam|p2a: Slowking
|-damage|p2a: Slowking|59/100
|-damage|p1a: Hatterene|0 fnt|[from] item: Life Orb
|faint|p1a: Hatterene
|
|upkeep
|
|t:|1685821495
|switch|p1a: Decidueye|Decidueye-Hisui, F|100/100
|turn|4
|
|t:|1685821515
|switch|p2a: Enamorus|Enamorus, F|100/100
|move|p1a: Decidueye|Triple Arrows|p2a: Enamorus
|-resisted|p2a: Enamorus
|-damage|p2a: Enamorus|76/100
|-damage|p1a: Decidueye|90/100|[from] item: Life Orb
|
|upkeep
|turn|5
|
|t:|1685821528
|move|p1a: Decidueye|Triple Arrows|p2a: Enamorus
|-resisted|p2a: Enamorus
|-damage|p2a: Enamorus|53/100
|-damage|p1a: Decidueye|80/100|[from] item: Life Orb
|cant|p2a: Enamorus|flinch
|
|upkeep
|turn|6
|
|t:|1685821534
|move|p1a: Decidueye|Brave Bird|p2a: Enamorus
|-crit|p2a: Enamorus
|-damage|p2a: Enamorus|0 fnt
|faint|p2a: Enamorus
|-damage|p1a: Decidueye|67/100|[from] Recoil
|-damage|p1a: Decidueye|57/100|[from] item: Life Orb
|
|-fieldend|move: Trick Room
|upkeep
|
|t:|1685821559
|switch|p2a: Cinderace|Cinderace, M|100/100
|turn|7
|
|t:|1685821575
|switch|p1a: Armarouge|Armarouge, F|100/100
|move|p2a: Cinderace|Pyro Ball|p1a: Armarouge
|-resisted|p1a: Armarouge
|-damage|p1a: Armarouge|76/100
|-ability|p1a: Armarouge|Weak Armor|boost
|-unboost|p1a: Armarouge|def|1
|-boost|p1a: Armarouge|spe|2
|
|upkeep
|turn|8
|
|t:|1685821585
|-terastallize|p1a: Armarouge|Fire
|move|p1a: Armarouge|Armor Cannon|p2a: Cinderace
|-resisted|p2a: Cinderace
|-damage|p2a: Cinderace|8/100
|-unboost|p1a: Armarouge|def|1
|-unboost|p1a: Armarouge|spd|1
|move|p2a: Cinderace|U-turn|p1a: Armarouge
|-start|p2a: Cinderace|typechange|Bug|[from] ability: Libero
|-resisted|p1a: Armarouge
|-damage|p1a: Armarouge|44/100
|-ability|p1a: Armarouge|Weak Armor|boost
|-unboost|p1a: Armarouge|def|1
|-boost|p1a: Armarouge|spe|2
|
|t:|1685821599
|switch|p2a: Slowking|Slowking, F|92/100|[from] U-turn
|
|upkeep
|turn|9
|
|t:|1685821606
|switch|p1a: Decidueye|Decidueye-Hisui, F|57/100
|move|p2a: Slowking|Future Sight|p1a: Decidueye
|-start|p2a: Slowking|move: Future Sight
|
|upkeep
|turn|10
|
|t:|1685821623
|move|p1a: Decidueye|Brave Bird|p2a: Slowking
|-damage|p2a: Slowking|29/100
|-damage|p1a: Decidueye|37/100|[from] Recoil
|-damage|p1a: Decidueye|27/100|[from] item: Life Orb
|move|p2a: Slowking|Chilly Reception|p2a: Slowking
|-weather|Snow
|
|t:|1685821636
|switch|p2a: Urshifu|Urshifu-Rapid-Strike, F|100/100|[from] Chilly Reception
|
|-weather|Snow|[upkeep]
|upkeep
|turn|11
|j| Volcaronium
|
|t:|1685821647
|switch|p1a: Goodra|Goodra-Hisui, M|100/100
|move|p2a: Urshifu|Surging Strikes|p1a: Goodra
|-resisted|p1a: Goodra
|-crit|p1a: Goodra
|-damage|p1a: Goodra|90/100
|-resisted|p1a: Goodra
|-crit|p1a: Goodra
|-damage|p1a: Goodra|79/100
|-resisted|p1a: Goodra
|-crit|p1a: Goodra
|-damage|p1a: Goodra|69/100
|-hitcount|p1a: Goodra|3
|
|-weather|Snow|[upkeep]
|-end|p1a: Goodra|move: Future Sight
|-resisted|p1a: Goodra
|-damage|p1a: Goodra|57/100
|-heal|p1a: Goodra|63/100|[from] item: Leftovers
|upkeep
|turn|12
|
|t:|1685821661
|move|p2a: Urshifu|Close Combat|p1a: Goodra
|-supereffective|p1a: Goodra
|-crit|p1a: Goodra
|-damage|p1a: Goodra|0 fnt
|-unboost|p2a: Urshifu|def|1
|-unboost|p2a: Urshifu|spd|1
|-ability|p1a: Goodra|Gooey
|-unboost|p2a: Urshifu|spe|1
|faint|p1a: Goodra
|
|-weather|Snow|[upkeep]
|upkeep
|
|t:|1685821665
|switch|p1a: Ursaluna|Ursaluna, M|100/100
|turn|13
|-message|roddyroderick44 forfeited.
|
|win|calamari sunday
|raw|roddyroderick44's rating: 1134 → 1113(-21 for losing)
|raw|calamari sunday's rating: 1195 → 1216(+21 for winning)
|l|☆roddyroderick44
