|j|☆Ting Lu is so cute
|j|☆Gadam64
|t:|1685900574
|gametype|singles
|player|p1|Ting Lu is so cute|parasollady|1158
|player|p2|Gadam64|cheren|1240
|teamsize|p1|6
|teamsize|p2|6
|gen|9
|tier|[Gen 9] OU
|rated|
|rule|Sleep Clause Mod: Limit one foe put to sleep
|rule|Species Clause: Limit one of each Pokémon
|rule|OHKO Clause: OHKO moves are banned
|rule|Evasion Items Clause: Evasion items are banned
|rule|Evasion Moves Clause: Evasion moves are banned
|rule|Endless Battle Clause: Forcing endless battles is banned
|rule|HP Percentage Mod: HP is shown in percentages
|clearpoke
|poke|p1|Blissey, F|
|poke|p1|Clodsire, F|
|poke|p1|Toxapex, F|
|poke|p1|Alomomola, M|
|poke|p1|Dondozo, M|
|poke|p1|Drifblim, F|
|poke|p2|Magearna|
|poke|p2|Indeedee, M|
|poke|p2|Sneasler, M|
|poke|p2|Arcanine-Hisui, M|
|poke|p2|Heatran, M|
|poke|p2|Great Tusk|
|teampreview
|inactive|Battle timer is ON: inactive players will automatically lose when time's up. (requested by Gadam64)
|
|t:|1685900585
|start
|switch|p1a: Toxapex|Toxapex, F|100/100
|switch|p2a: Indeedee|Indeedee, M|100/100
|-fieldstart|move: Psychic Terrain|[from] ability: Psychic Surge|[of] p2a: Indeedee
|turn|1
|
|t:|1685900592
|switch|p1a: Blissey|Blissey, F|100/100
|move|p2a: Indeedee|Psyshock|p1a: Blissey
|-damage|p1a: Blissey|48/100
|
|upkeep
|turn|2
|
|t:|1685900612
|switch|p1a: Alomomola|Alomomola, M|100/100
|move|p2a: Indeedee|Psyshock|p1a: Alomomola
|-damage|p1a: Alomomola|70/100
|
|-heal|p1a: Alomomola|76/100|[from] item: Leftovers
|upkeep
|turn|3
|
|t:|1685900628
|move|p2a: Indeedee|Psyshock|p1a: Alomomola
|-damage|p1a: Alomomola|50/100
|move|p1a: Alomomola|Wish|p1a: Alomomola
|
|-heal|p1a: Alomomola|56/100|[from] item: Leftovers
|upkeep
|turn|4
|
|t:|1685900633
|move|p2a: Indeedee|Encore|p1a: Alomomola
|-start|p1a: Alomomola|Encore
|move|p1a: Alomomola|Wish||[still]
|-fail|p1a: Alomomola
|
|-heal|p1a: Alomomola|100/100|[from] move: Wish|[wisher] Alomomola
|upkeep
|turn|5
|
|t:|1685900647
|switch|p2a: Sneasler|Sneasler, M|100/100
|-enditem|p2a: Sneasler|Psychic Seed
|-boost|p2a: Sneasler|spd|1|[from] item: Psychic Seed
|switch|p1a: Drifblim|Drifblim, F|100/100
|
|upkeep
|turn|6
|
|t:|1685900653
|move|p2a: Sneasler|Swords Dance|p2a: Sneasler
|-boost|p2a: Sneasler|atk|2
|move|p1a: Drifblim|Will-O-Wisp|p2a: Sneasler
|-status|p2a: Sneasler|brn
|
|-damage|p2a: Sneasler|95/100 brn|[from] brn
|upkeep
|turn|7
|
|t:|1685900658
|move|p2a: Sneasler|Night Slash|p1a: Drifblim
|-supereffective|p1a: Drifblim
|-damage|p1a: Drifblim|60/100
|move|p1a: Drifblim|Haze|p1a: Drifblim
|-clearallboost
|
|-damage|p2a: Sneasler|89/100 brn|[from] brn
|upkeep
|turn|8
|
|t:|1685900673
|switch|p2a: Magearna|Magearna|100/100
|move|p1a: Drifblim|Strength Sap|p2a: Magearna
|-unboost|p2a: Magearna|atk|1
|-heal|p1a: Drifblim|96/100
|
|-fieldend|move: Psychic Terrain
|upkeep
|turn|9
|
|t:|1685900694
|switch|p1a: Blissey|Blissey, F|48/100
|switch|p2a: Heatran|Heatran, M|100/100
|
|upkeep
|turn|10
|
|t:|1685900703
|switch|p1a: Clodsire|Clodsire, F|100/100
|move|p2a: Heatran|Stealth Rock|p1a: Clodsire
|-sidestart|p1: Ting Lu is so cute|move: Stealth Rock
|
|upkeep
|turn|11
|
|t:|1685900711
|switch|p2a: Great Tusk|Great Tusk|100/100
|move|p1a: Clodsire|Spikes|p2a: Great Tusk
|-sidestart|p2: Gadam64|Spikes
|
|upkeep
|turn|12
|
|t:|1685900723
|move|p2a: Great Tusk|Rapid Spin|p1a: Clodsire
|-damage|p1a: Clodsire|83/100
|-boost|p2a: Great Tusk|spe|1
|-sideend|p2: Gadam64|Spikes|[from] move: Rapid Spin|[of] p2a: Great Tusk
|move|p1a: Clodsire|Toxic|p2a: Great Tusk
|-status|p2a: Great Tusk|tox
|
|-damage|p2a: Great Tusk|94/100 tox|[from] psn
|upkeep
|turn|13
|
|t:|1685900729
|switch|p1a: Drifblim|Drifblim, F|96/100
|move|p2a: Great Tusk|Earthquake|p1a: Drifblim
|-immune|p1a: Drifblim
|
|-damage|p2a: Great Tusk|82/100 tox|[from] psn
|upkeep
|turn|14
|
|t:|1685900741
|move|p2a: Great Tusk|Ice Spinner|p1a: Drifblim
|-supereffective|p1a: Drifblim
|-damage|p1a: Drifblim|49/100
|move|p1a: Drifblim|Strength Sap|p2a: Great Tusk
|-unboost|p2a: Great Tusk|atk|1
|-heal|p1a: Drifblim|100/100
|
|-damage|p2a: Great Tusk|63/100 tox|[from] psn
|upkeep
|turn|15
|
|t:|1685900749
|-end|p2a: Great Tusk|Protosynthesis|[silent]
|switch|p2a: Indeedee|Indeedee, M|100/100
|-fieldstart|move: Psychic Terrain|[from] ability: Psychic Surge|[of] p2a: Indeedee
|move|p1a: Drifblim|Strength Sap|p2a: Indeedee
|-unboost|p2a: Indeedee|atk|1
|
|upkeep
|turn|16
|
|t:|1685900759
|switch|p1a: Alomomola|Alomomola, M|100/100
|-damage|p1a: Alomomola|88/100|[from] Stealth Rock
|move|p2a: Indeedee|Shadow Ball|p1a: Alomomola
|-damage|p1a: Alomomola|66/100
|-unboost|p1a: Alomomola|spd|1
|
|-heal|p1a: Alomomola|72/100|[from] item: Leftovers
|upkeep
|turn|17
|
|t:|1685900772
|move|p2a: Indeedee|Shadow Ball|p1a: Alomomola
|-damage|p1a: Alomomola|39/100
|move|p1a: Alomomola|Wish|p1a: Alomomola
|
|-heal|p1a: Alomomola|45/100|[from] item: Leftovers
|upkeep
|turn|18
|
|t:|1685900784
|move|p2a: Indeedee|Psyshock|p1a: Alomomola
|-damage|p1a: Alomomola|19/100
|move|p1a: Alomomola|Whirlpool|p2a: Indeedee
|-damage|p2a: Indeedee|91/100
|-activate|p2a: Indeedee|move: Whirlpool|[of] p1a: Alomomola
|
|-heal|p1a: Alomomola|69/100|[from] move: Wish|[wisher] Alomomola
|-heal|p1a: Alomomola|75/100|[from] item: Leftovers
|-damage|p2a: Indeedee|79/100|[from] move: Whirlpool|[partiallytrapped]
|upkeep
|turn|19
|
|t:|1685900789
|move|p1a: Alomomola|Protect|p1a: Alomomola
|-singleturn|p1a: Alomomola|Protect
|move|p2a: Indeedee|Encore|p1a: Alomomola
|-activate|p1a: Alomomola|move: Protect
|
|-heal|p1a: Alomomola|81/100|[from] item: Leftovers
|-damage|p2a: Indeedee|67/100|[from] move: Whirlpool|[partiallytrapped]
|upkeep
|turn|20
|
|t:|1685900806
|switch|p1a: Drifblim|Drifblim, F|100/100
|move|p2a: Indeedee|Psyshock|p1a: Drifblim
|-damage|p1a: Drifblim|61/100
|
|-end|p2a: Indeedee|Whirlpool|[partiallytrapped]|[silent]
|upkeep
|turn|21
|
|t:|1685900813
|switch|p1a: Blissey|Blissey, F|48/100
|move|p2a: Indeedee|Shadow Ball|p1a: Blissey
|-immune|p1a: Blissey
|
|upkeep
|turn|22
|
|t:|1685900826
|switch|p1a: Alomomola|Alomomola, M|100/100
|-damage|p1a: Alomomola|88/100|[from] Stealth Rock
|move|p2a: Indeedee|Psyshock|p1a: Alomomola
|-damage|p1a: Alomomola|61/100
|
|-heal|p1a: Alomomola|67/100|[from] item: Leftovers
|-fieldend|move: Psychic Terrain
|upkeep
|turn|23
|
|t:|1685900841
|move|p2a: Indeedee|Psyshock|p1a: Alomomola
|-damage|p1a: Alomomola|45/100
|move|p1a: Alomomola|Wish|p1a: Alomomola
|
|-heal|p1a: Alomomola|51/100|[from] item: Leftovers
|upkeep
|turn|24
|
|t:|1685900847
|switch|p1a: Blissey|Blissey, F|48/100
|move|p2a: Indeedee|Encore||[still]
|-fail|p2a: Indeedee
|
|-heal|p1a: Blissey|84/100|[from] move: Wish|[wisher] Alomomola
|upkeep
|turn|25
|
|t:|1685900856
|switch|p2a: Great Tusk|Great Tusk|63/100 tox
|switch|p1a: Alomomola|Alomomola, M|84/100
|-damage|p1a: Alomomola|72/100|[from] Stealth Rock
|
|-heal|p1a: Alomomola|78/100|[from] item: Leftovers
|-damage|p2a: Great Tusk|57/100 tox|[from] psn
|upkeep
|turn|26
|
|t:|1685900861
|-end|p2a: Great Tusk|Protosynthesis|[silent]
|switch|p2a: Indeedee|Indeedee, M|67/100
|-fieldstart|move: Psychic Terrain|[from] ability: Psychic Surge|[of] p2a: Indeedee
|move|p1a: Alomomola|Whirlpool|p2a: Indeedee
|-damage|p2a: Indeedee|58/100
|-activate|p2a: Indeedee|move: Whirlpool|[of] p1a: Alomomola
|
|-heal|p1a: Alomomola|84/100|[from] item: Leftovers
|-damage|p2a: Indeedee|45/100|[from] move: Whirlpool|[partiallytrapped]
|upkeep
|turn|27
|
|t:|1685900869
|move|p1a: Alomomola|Protect|p1a: Alomomola
|-singleturn|p1a: Alomomola|Protect
|move|p2a: Indeedee|Encore|p1a: Alomomola
|-activate|p1a: Alomomola|move: Protect
|
|-heal|p1a: Alomomola|91/100|[from] item: Leftovers
|-damage|p2a: Indeedee|33/100|[from] move: Whirlpool|[partiallytrapped]
|upkeep
|turn|28
|
|t:|1685900877
|move|p2a: Indeedee|Psyshock|p1a: Alomomola
|-damage|p1a: Alomomola|60/100
|move|p1a: Alomomola|Wish|p1a: Alomomola
|
|-heal|p1a: Alomomola|66/100|[from] item: Leftovers
|-damage|p2a: Indeedee|21/100|[from] move: Whirlpool|[partiallytrapped]
|upkeep
|turn|29
|
|t:|1685900887
|move|p1a: Alomomola|Protect|p1a: Alomomola
|-singleturn|p1a: Alomomola|Protect
|move|p2a: Indeedee|Psyshock|p1a: Alomomola
|-activate|p1a: Alomomola|move: Protect
|
|-heal|p1a: Alomomola|100/100|[from] move: Wish|[wisher] Alomomola
|-damage|p2a: Indeedee|9/100|[from] move: Whirlpool|[partiallytrapped]
|upkeep
|turn|30
|
|t:|1685900893
|move|p2a: Indeedee|Psyshock|p1a: Alomomola
|-damage|p1a: Alomomola|72/100
|move|p1a: Alomomola|Wish|p1a: Alomomola
|
|-heal|p1a: Alomomola|78/100|[from] item: Leftovers
|-end|p2a: Indeedee|Whirlpool|[partiallytrapped]
|upkeep
|turn|31
|
|t:|1685900903
|move|p2a: Indeedee|Encore|p1a: Alomomola
|-start|p1a: Alomomola|Encore
|move|p1a: Alomomola|Wish||[still]
|-fail|p1a: Alomomola
|
|-heal|p1a: Alomomola|100/100|[from] move: Wish|[wisher] Alomomola
|upkeep
|turn|32
|
|t:|1685900909
|switch|p2a: Great Tusk|Great Tusk|57/100 tox
|move|p1a: Alomomola|Wish|p1a: Alomomola
|
|-damage|p2a: Great Tusk|51/100 tox|[from] psn
|upkeep
|turn|33
|
|t:|1685900917
|switch|p1a: Drifblim|Drifblim, F|61/100
|move|p2a: Great Tusk|Close Combat|p1a: Drifblim
|-immune|p1a: Drifblim
|
|-heal|p1a: Drifblim|100/100|[from] move: Wish|[wisher] Alomomola
|-damage|p2a: Great Tusk|38/100 tox|[from] psn
|-fieldend|move: Psychic Terrain
|upkeep
|turn|34
|
|t:|1685900931
|-end|p2a: Great Tusk|Protosynthesis|[silent]
|switch|p2a: Indeedee|Indeedee, M|9/100
|-fieldstart|move: Psychic Terrain|[from] ability: Psychic Surge|[of] p2a: Indeedee
|move|p1a: Drifblim|Strength Sap|p2a: Indeedee
|-unboost|p2a: Indeedee|atk|1
|
|upkeep
|turn|35
|
|t:|1685900939
|move|p2a: Indeedee|Shadow Ball|p1a: Drifblim
|-supereffective|p1a: Drifblim
|-damage|p1a: Drifblim|46/100
|move|p1a: Drifblim|Air Slash|p2a: Indeedee
|-damage|p2a: Indeedee|0 fnt
|faint|p2a: Indeedee
|
|upkeep
|
|t:|1685900949
|switch|p2a: Arcanine|Arcanine-Hisui, M|100/100
|turn|36
|
|t:|1685900962
|switch|p1a: Dondozo|Dondozo, M|100/100
|move|p2a: Arcanine|Head Smash|p1a: Dondozo
|-damage|p1a: Dondozo|62/100
|
|upkeep
|turn|37
|
|t:|1685900977
|switch|p2a: Great Tusk|Great Tusk|38/100 tox
|move|p1a: Dondozo|Liquidation|p2a: Great Tusk
|-supereffective|p2a: Great Tusk
|-damage|p2a: Great Tusk|1/100 tox
|
|-damage|p2a: Great Tusk|0 fnt|[from] psn
|faint|p2a: Great Tusk
|-end|p2a: Great Tusk|Protosynthesis|[silent]
|upkeep
|
|t:|1685900982
|switch|p2a: Magearna|Magearna|100/100
|turn|38
|
|t:|1685900986
|switch|p1a: Clodsire|Clodsire, F|83/100
|move|p2a: Magearna|Agility|p2a: Magearna
|-boost|p2a: Magearna|spe|2
|
|upkeep
|turn|39
|inactive|Ting Lu is so cute has 120 seconds left.
|
|t:|1685901024
|-terastallize|p1a: Clodsire|Fire
|move|p2a: Magearna|Calm Mind|p2a: Magearna
|-boost|p2a: Magearna|spa|1
|-boost|p2a: Magearna|spd|1
|move|p1a: Clodsire|Earthquake|p2a: Magearna
|-supereffective|p2a: Magearna
|-damage|p2a: Magearna|69/100
|
|-heal|p2a: Magearna|75/100|[from] item: Leftovers
|upkeep
|turn|40
|inactive|Ting Lu is so cute has 120 seconds left.
|
|t:|1685901033
|move|p2a: Magearna|Calm Mind|p2a: Magearna
|-boost|p2a: Magearna|spa|1
|-boost|p2a: Magearna|spd|1
|move|p1a: Clodsire|Earthquake|p2a: Magearna
|-supereffective|p2a: Magearna
|-damage|p2a: Magearna|38/100
|
|-heal|p2a: Magearna|44/100|[from] item: Leftovers
|upkeep
|turn|41
|
|t:|1685901039
|move|p2a: Magearna|Stored Power|p1a: Clodsire
|-damage|p1a: Clodsire|53/100
|move|p1a: Clodsire|Recover|p1a: Clodsire
|-heal|p1a: Clodsire|100/100
|
|-heal|p2a: Magearna|50/100|[from] item: Leftovers
|-fieldend|move: Psychic Terrain
|upkeep
|turn|42
|
|t:|1685901044
|move|p2a: Magearna|Draining Kiss|p1a: Clodsire
|-resisted|p1a: Clodsire
|-damage|p1a: Clodsire|94/100
|-heal|p2a: Magearna|56/100|[from] drain|[of] p1a: Clodsire
|move|p1a: Clodsire|Earthquake|p2a: Magearna
|-supereffective|p2a: Magearna
|-damage|p2a: Magearna|24/100
|
|-heal|p2a: Magearna|30/100|[from] item: Leftovers
|upkeep
|turn|43
|
|t:|1685901054
|-terastallize|p2a: Magearna|Water
|move|p2a: Magearna|Calm Mind|p2a: Magearna
|-boost|p2a: Magearna|spa|1
|-boost|p2a: Magearna|spd|1
|move|p1a: Clodsire|Earthquake|p2a: Magearna
|-damage|p2a: Magearna|12/100
|
|-heal|p2a: Magearna|18/100|[from] item: Leftovers
|upkeep
|turn|44
|
|t:|1685901070
|move|p2a: Magearna|Stored Power|p1a: Clodsire
|-damage|p1a: Clodsire|65/100
|move|p1a: Clodsire|Toxic|p2a: Magearna
|-status|p2a: Magearna|tox
|
|-heal|p2a: Magearna|24/100 tox|[from] item: Leftovers
|-damage|p2a: Magearna|18/100 tox|[from] psn
|upkeep
|turn|45
|
|t:|1685901089
|move|p2a: Magearna|Stored Power|p1a: Clodsire
|-damage|p1a: Clodsire|36/100
|move|p1a: Clodsire|Recover|p1a: Clodsire
|-heal|p1a: Clodsire|86/100
|
|-heal|p2a: Magearna|24/100 tox|[from] item: Leftovers
|-damage|p2a: Magearna|12/100 tox|[from] psn
|upkeep
|turn|46
|
|t:|1685901097
|move|p2a: Magearna|Stored Power|p1a: Clodsire
|-damage|p1a: Clodsire|55/100
|move|p1a: Clodsire|Recover|p1a: Clodsire
|-heal|p1a: Clodsire|100/100
|
|-heal|p2a: Magearna|18/100 tox|[from] item: Leftovers
|-damage|p2a: Magearna|0 fnt|[from] psn
|faint|p2a: Magearna
|upkeep
|
|t:|1685901100
|switch|p2a: Arcanine|Arcanine-Hisui, M|100/100
|turn|47
|
|t:|1685901110
|switch|p1a: Dondozo|Dondozo, M|62/100
|move|p2a: Arcanine|Head Smash|p1a: Dondozo
|-damage|p1a: Dondozo|26/100
|
|upkeep
|turn|48
|
|t:|1685901127
|move|p2a: Arcanine|Head Smash|p1a: Dondozo
|-crit|p1a: Dondozo
|-damage|p1a: Dondozo|0 fnt
|faint|p1a: Dondozo
|
|upkeep
|
|t:|1685901137
|switch|p1a: Alomomola|Alomomola, M|100/100
|-damage|p1a: Alomomola|88/100|[from] Stealth Rock
|turn|49
|
|t:|1685901146
|switch|p2a: Sneasler|Sneasler, M|89/100 brn
|move|p1a: Alomomola|Whirlpool|p2a: Sneasler
|-damage|p2a: Sneasler|81/100 brn
|-activate|p2a: Sneasler|move: Whirlpool|[of] p1a: Alomomola
|
|-heal|p1a: Alomomola|94/100|[from] item: Leftovers
|-damage|p2a: Sneasler|75/100 brn|[from] brn
|-damage|p2a: Sneasler|62/100 brn|[from] move: Whirlpool|[partiallytrapped]
|upkeep
|turn|50
|
|t:|1685901153
|switch|p1a: Drifblim|Drifblim, F|46/100
|move|p2a: Sneasler|Swords Dance|p2a: Sneasler
|-boost|p2a: Sneasler|atk|2
|
|-damage|p2a: Sneasler|56/100 brn|[from] brn
|-end|p2a: Sneasler|Whirlpool|[partiallytrapped]|[silent]
|upkeep
|turn|51
|
|t:|1685901158
|move|p2a: Sneasler|Night Slash|p1a: Drifblim
|-supereffective|p1a: Drifblim
|-damage|p1a: Drifblim|7/100
|move|p1a: Drifblim|Strength Sap|p2a: Sneasler
|-unboost|p2a: Sneasler|atk|1
|-heal|p1a: Drifblim|100/100
|
|-damage|p2a: Sneasler|50/100 brn|[from] brn
|upkeep
|turn|52
|
|t:|1685901167
|move|p2a: Sneasler|Swords Dance|p2a: Sneasler
|-boost|p2a: Sneasler|atk|2
|move|p1a: Drifblim|Haze|p1a: Drifblim
|-clearallboost
|
|-damage|p2a: Sneasler|44/100 brn|[from] brn
|upkeep
|turn|53
|
|t:|1685901175
|move|p2a: Sneasler|Swords Dance|p2a: Sneasler
|-boost|p2a: Sneasler|atk|2
|move|p1a: Drifblim|Air Slash|p2a: Sneasler
|-supereffective|p2a: Sneasler
|-damage|p2a: Sneasler|0 fnt
|faint|p2a: Sneasler
|
|upkeep
|
|t:|1685901181
|switch|p2a: Arcanine|Arcanine-Hisui, M|100/100
|turn|54
|
|t:|1685901188
|move|p2a: Arcanine|Wild Charge|p1a: Drifblim
|-supereffective|p1a: Drifblim
|-damage|p1a: Drifblim|51/100
|move|p1a: Drifblim|Strength Sap|p2a: Arcanine
|-unboost|p2a: Arcanine|atk|1
|-heal|p1a: Drifblim|100/100
|
|upkeep
|turn|55
|
|t:|1685901204
|switch|p2a: Heatran|Heatran, M|100/100
|switch|p1a: Clodsire|Clodsire, F, tera:Fire|100/100
|
|upkeep
|turn|56
|
|t:|1685901215
|move|p2a: Heatran|Magma Storm|p1a: Clodsire
|-resisted|p1a: Clodsire
|-damage|p1a: Clodsire|88/100
|-activate|p1a: Clodsire|move: Magma Storm|[of] p2a: Heatran
|move|p1a: Clodsire|Earthquake|p2a: Heatran
|-supereffective|p2a: Heatran
|-crit|p2a: Heatran
|-damage|p2a: Heatran|0 fnt
|faint|p2a: Heatran
|
|-end|p1a: Clodsire|Magma Storm|[partiallytrapped]|[silent]
|upkeep
|
|t:|1685901221
|switch|p2a: Arcanine|Arcanine-Hisui, M|100/100
|turn|57
|
|t:|1685901225
|move|p2a: Arcanine|Head Smash|p1a: Clodsire|[miss]
|-miss|p2a: Arcanine|p1a: Clodsire
|move|p1a: Clodsire|Toxic|p2a: Arcanine
|-status|p2a: Arcanine|tox
|
|-damage|p2a: Arcanine|94/100 tox|[from] psn
|upkeep
|turn|58
|
|t:|1685901230
|switch|p1a: Toxapex|Toxapex, F|100/100
|move|p2a: Arcanine|Head Smash|p1a: Toxapex|[miss]
|-miss|p2a: Arcanine|p1a: Toxapex
|
|-damage|p2a: Arcanine|82/100 tox|[from] psn
|upkeep
|turn|59
|c|☆Gadam64|nice game
|c|☆Ting Lu is so cute|gg
|
|t:|1685901243
|switch|p1a: Blissey|Blissey, F|84/100
|move|p2a: Arcanine|Head Smash|p1a: Blissey|[miss]
|-miss|p2a: Arcanine|p1a: Blissey
|
|-damage|p2a: Arcanine|64/100 tox|[from] psn
|upkeep
|turn|60
|c|☆Gadam64|THREE TIMES IN A ROW LMFAO
|
|t:|1685901256
|switch|p1a: Drifblim|Drifblim, F|100/100
|move|p2a: Arcanine|Head Smash|p1a: Drifblim
|-supereffective|p1a: Drifblim
|-damage|p1a: Drifblim|0 fnt
|-damage|p2a: Arcanine|39/100 tox|[from] ability: Aftermath|[of] p1a: Drifblim
|faint|p1a: Drifblim
|
|-damage|p2a: Arcanine|15/100 tox|[from] psn
|upkeep
|c|☆Ting Lu is so cute|didn't matter
|
|t:|1685901264
|switch|p1a: Alomomola|Alomomola, M|100/100
|-damage|p1a: Alomomola|88/100|[from] Stealth Rock
|turn|61
|c|☆Ting Lu is so cute|gg
|c|☆Gadam64|Yeah it's just so stupid tho
|c|☆Gadam64|gg
|
|t:|1685901273
|move|p1a: Alomomola|Protect|p1a: Alomomola
|-singleturn|p1a: Alomomola|Protect
|move|p2a: Arcanine|Head Smash|p1a: Alomomola
|-activate|p1a: Alomomola|move: Protect
|
|-heal|p1a: Alomomola|94/100|[from] item: Leftovers
|-damage|p2a: Arcanine|0 fnt|[from] psn
|faint|p2a: Arcanine
|
|win|Ting Lu is so cute
|upkeep
|raw|Ting Lu is so cute's rating: 1158 → 1189(+31 for winning)
|raw|Gadam64's rating: 1240 → 1209(-31 for losing)
|c|☆Ting Lu is so cute|true
|l|☆Gadam64
