|j|☆dodo95
|j|☆Lostie_Kitkat
|t:|1685873853
|gametype|singles
|player|p1|dodo95|giovanni|1174
|player|p2|Lostie_Kitkat|shadowtriad|1105
|teamsize|p1|6
|teamsize|p2|6
|gen|9
|tier|[Gen 9] OU
|rated|
|rule|Sleep Clause Mod: Limit one foe put to sleep
|rule|Species Clause: Limit one of each Pokémon
|rule|OHKO Clause: OHKO moves are banned
|rule|Evasion Items Clause: Evasion items are banned
|rule|Evasion Moves Clause: Evasion moves are banned
|rule|Endless Battle Clause: Forcing endless battles is banned
|rule|HP Percentage Mod: HP is shown in percentages
|clearpoke
|poke|p1|Slowking-Galar, F|
|poke|p1|Landorus-Therian, M|
|poke|p1|Sneasler, F|
|poke|p1|Talonflame, F|
|poke|p1|Kleavor, F|
|poke|p1|Toxapex, M|
|poke|p2|Goodra-Hisui, F|
|poke|p2|Lilligant-Hisui, F|
|poke|p2|Walking Wake|
|poke|p2|Torkoal, M|
|poke|p2|Ceruledge, M|
|poke|p2|Braviary-Hisui, M|
|teampreview
|
|t:|1685873859
|start
|switch|p1a: Kleavor|Kleavor, F|100/100
|switch|p2a: Torkoal|Torkoal, M|100/100
|-weather|SunnyDay|[from] ability: Drought|[of] p2a: Torkoal
|turn|1
|
|t:|1685873872
|switch|p2a: Walking Wake|Walking Wake|100/100
|-activate|p2a: Walking Wake|ability: Protosynthesis
|-start|p2a: Walking Wake|protosynthesisspe
|move|p1a: Kleavor|Stone Axe|p2a: Walking Wake
|-damage|p2a: Walking Wake|36/100
|-sidestart|p2: Lostie_Kitkat|move: Stealth Rock
|
|-weather|SunnyDay|[upkeep]
|upkeep
|turn|2
|
|t:|1685873881
|move|p2a: Walking Wake|Hydro Steam|p1a: Kleavor
|-supereffective|p1a: Kleavor
|-enditem|p1a: Kleavor|Focus Sash
|-damage|p1a: Kleavor|1/100
|move|p1a: Kleavor|X-Scissor|p2a: Walking Wake
|-damage|p2a: Walking Wake|0 fnt
|faint|p2a: Walking Wake
|-end|p2a: Walking Wake|Protosynthesis|[silent]
|
|-weather|SunnyDay|[upkeep]
|upkeep
|
|t:|1685873900
|switch|p2a: Goodra|Goodra-Hisui, F, shiny|100/100
|-damage|p2a: Goodra|94/100|[from] Stealth Rock
|turn|3
|
|t:|1685873906
|move|p1a: Kleavor|Close Combat|p2a: Goodra
|-supereffective|p2a: Goodra
|-damage|p2a: Goodra|4/100
|-unboost|p1a: Kleavor|def|1
|-unboost|p1a: Kleavor|spd|1
|move|p2a: Goodra|Dragon Tail|p1a: Kleavor
|-damage|p1a: Kleavor|0 fnt
|faint|p1a: Kleavor
|
|-weather|SunnyDay|[upkeep]
|upkeep
|
|t:|1685873915
|switch|p1a: Landorus|Landorus-Therian, M|100/100
|-ability|p1a: Landorus|Intimidate|boost
|-unboost|p2a: Goodra|atk|1
|turn|4
|
|t:|1685873923
|move|p1a: Landorus|Earthquake|p2a: Goodra
|-supereffective|p2a: Goodra
|-damage|p2a: Goodra|0 fnt
|faint|p2a: Goodra
|
|-weather|SunnyDay|[upkeep]
|upkeep
|
|t:|1685873930
|switch|p2a: Lilligant|Lilligant-Hisui, F|100/100
|-damage|p2a: Lilligant|94/100|[from] Stealth Rock
|turn|5
|
|t:|1685873939
|switch|p1a: Slowking|Slowking-Galar, F|100/100
|-terastallize|p2a: Lilligant|Steel
|move|p2a: Lilligant|Victory Dance|p2a: Lilligant
|-boost|p2a: Lilligant|atk|1
|-boost|p2a: Lilligant|def|1
|-boost|p2a: Lilligant|spe|1
|
|-weather|SunnyDay|[upkeep]
|upkeep
|turn|6
|
|t:|1685873949
|move|p2a: Lilligant|Sleep Powder|p1a: Slowking|[miss]
|-miss|p2a: Lilligant|p1a: Slowking
|move|p1a: Slowking|Chilly Reception|p1a: Slowking
|-weather|Snow
|
|t:|1685873957
|switch|p1a: Landorus|Landorus-Therian, M|100/100|[from] Chilly Reception
|-ability|p1a: Landorus|Intimidate|boost
|-unboost|p2a: Lilligant|atk|1
|
|-weather|Snow|[upkeep]
|upkeep
|turn|7
|
|t:|1685873962
|switch|p1a: Toxapex|Toxapex, M|100/100
|move|p2a: Lilligant|Sleep Powder|p1a: Toxapex
|-status|p1a: Toxapex|slp|[from] move: Sleep Powder
|
|-weather|Snow|[upkeep]
|upkeep
|turn|8
|
|t:|1685873970
|switch|p1a: Talonflame|Talonflame, F|100/100
|move|p2a: Lilligant|Victory Dance|p2a: Lilligant
|-boost|p2a: Lilligant|atk|1
|-boost|p2a: Lilligant|def|1
|-boost|p2a: Lilligant|spe|1
|
|-weather|Snow|[upkeep]
|upkeep
|turn|9
|
|t:|1685873976
|move|p2a: Lilligant|Leaf Blade|p1a: Talonflame
|-resisted|p1a: Talonflame
|-damage|p1a: Talonflame|79/100
|-damage|p2a: Lilligant|84/100|[from] item: Life Orb
|move|p1a: Talonflame|Will-O-Wisp|p2a: Lilligant
|-status|p2a: Lilligant|brn
|
|-weather|Snow|[upkeep]
|-damage|p2a: Lilligant|78/100 brn|[from] brn
|upkeep
|turn|10
|
|t:|1685873988
|switch|p2a: Torkoal|Torkoal, M|100/100
|-damage|p2a: Torkoal|76/100|[from] Stealth Rock
|-weather|SunnyDay|[from] ability: Drought|[of] p2a: Torkoal
|switch|p1a: Landorus|Landorus-Therian, M|100/100
|-ability|p1a: Landorus|Intimidate|boost
|-unboost|p2a: Torkoal|atk|1
|
|-weather|SunnyDay|[upkeep]
|upkeep
|turn|11
|
|t:|1685873997
|move|p1a: Landorus|Earthquake|p2a: Torkoal
|-supereffective|p2a: Torkoal
|-damage|p2a: Torkoal|11/100
|move|p2a: Torkoal|Rapid Spin|p1a: Landorus
|-damage|p1a: Landorus|96/100
|-boost|p2a: Torkoal|spe|1
|-sideend|p2: Lostie_Kitkat|Stealth Rock|[from] move: Rapid Spin|[of] p2a: Torkoal
|
|-weather|SunnyDay|[upkeep]
|-heal|p1a: Landorus|100/100|[from] item: Leftovers
|upkeep
|turn|12
|
|t:|1685874006
|move|p1a: Landorus|Earthquake|p2a: Torkoal
|-supereffective|p2a: Torkoal
|-damage|p2a: Torkoal|0 fnt
|faint|p2a: Torkoal
|
|-weather|SunnyDay|[upkeep]
|upkeep
|
|t:|1685874012
|switch|p2a: Ceruledge|Ceruledge, M|100/100
|turn|13
|
|t:|1685874016
|move|p2a: Ceruledge|Swords Dance|p2a: Ceruledge
|-boost|p2a: Ceruledge|atk|2
|move|p1a: Landorus|Taunt|p2a: Ceruledge
|-start|p2a: Ceruledge|move: Taunt
|
|-weather|SunnyDay|[upkeep]
|upkeep
|turn|14
|
|t:|1685874024
|move|p2a: Ceruledge|Solar Blade||[still]
|-prepare|p2a: Ceruledge|Solar Blade
|-anim|p2a: Ceruledge|Solar Blade|p1a: Landorus
|-damage|p1a: Landorus|37/100
|move|p1a: Landorus|Earthquake|p2a: Ceruledge
|-supereffective|p2a: Ceruledge
|-enditem|p2a: Ceruledge|Focus Sash
|-damage|p2a: Ceruledge|1/100
|-ability|p2a: Ceruledge|Weak Armor|boost
|-unboost|p2a: Ceruledge|def|1
|-boost|p2a: Ceruledge|spe|2
|
|-weather|SunnyDay|[upkeep]
|-heal|p1a: Landorus|43/100|[from] item: Leftovers
|upkeep
|turn|15
|
|t:|1685874036
|move|p2a: Ceruledge|Solar Blade||[still]
|-prepare|p2a: Ceruledge|Solar Blade
|-anim|p2a: Ceruledge|Solar Blade|p1a: Landorus
|-damage|p1a: Landorus|0 fnt
|faint|p1a: Landorus
|
|-weather|SunnyDay|[upkeep]
|upkeep
|
|t:|1685874042
|switch|p1a: Slowking|Slowking-Galar, F|100/100
|turn|16
|
|t:|1685874045
|move|p2a: Ceruledge|Bitter Blade|p1a: Slowking
|-damage|p1a: Slowking|0 fnt
|-heal|p2a: Ceruledge|69/100|[from] drain|[of] p1a: Slowking
|faint|p1a: Slowking
|
|-weather|SunnyDay|[upkeep]
|-end|p2a: Ceruledge|move: Taunt
|upkeep
|
|t:|1685874053
|switch|p1a: Talonflame|Talonflame, F|79/100
|turn|17
|
|t:|1685874058
|move|p2a: Ceruledge|Bitter Blade|p1a: Talonflame
|-resisted|p1a: Talonflame
|-damage|p1a: Talonflame|10/100
|-heal|p2a: Ceruledge|100/100|[from] drain|[of] p1a: Talonflame
|move|p1a: Talonflame|Roost|p1a: Talonflame
|-heal|p1a: Talonflame|60/100
|-singleturn|p1a: Talonflame|move: Roost
|
|-weather|none
|upkeep
|turn|18
|
|t:|1685874067
|move|p2a: Ceruledge|Bitter Blade|p1a: Talonflame
|-resisted|p1a: Talonflame
|-crit|p1a: Talonflame
|-damage|p1a: Talonflame|0 fnt
|faint|p1a: Talonflame
|
|upkeep
|
|t:|1685874071
|switch|p1a: Toxapex|Toxapex, M|100/100 slp
|turn|19
|
|t:|1685874074
|move|p2a: Ceruledge|Bitter Blade|p1a: Toxapex
|-resisted|p1a: Toxapex
|-damage|p1a: Toxapex|67/100 slp
|cant|p1a: Toxapex|slp
|
|upkeep
|turn|20
|
|t:|1685874079
|move|p2a: Ceruledge|Bitter Blade|p1a: Toxapex
|-resisted|p1a: Toxapex
|-damage|p1a: Toxapex|32/100 slp
|cant|p1a: Toxapex|slp
|
|upkeep
|turn|21
|
|t:|1685874085
|move|p2a: Ceruledge|Bitter Blade|p1a: Toxapex
|-resisted|p1a: Toxapex
|-damage|p1a: Toxapex|0 fnt
|faint|p1a: Toxapex
|
|upkeep
|
|t:|1685874090
|switch|p1a: Sneasler|Sneasler, F|100/100
|turn|22
|
|t:|1685874093
|move|p2a: Ceruledge|Bitter Blade|p1a: Sneasler
|-damage|p1a: Sneasler|0 fnt
|faint|p1a: Sneasler
|
|win|Lostie_Kitkat
|raw|dodo95's rating: 1174 → 1144(-30 for losing)
|raw|Lostie_Kitkat's rating: 1105 → 1135(+30 for winning)
|l|☆dodo95
