|j|☆airslashesfolante
|j|☆guywannahavefun
|t:|1685909466
|gametype|singles
|player|p1|airslashesfolante|acerola|1255
|player|p2|guywannahavefun|riley|1338
|teamsize|p1|6
|teamsize|p2|6
|gen|9
|tier|[Gen 9] OU
|rated|
|rule|Sleep Clause Mod: Limit one foe put to sleep
|rule|Species Clause: Limit one of each Pokémon
|rule|OHKO Clause: OHKO moves are banned
|rule|Evasion Items Clause: Evasion items are banned
|rule|Evasion Moves Clause: Evasion moves are banned
|rule|Endless Battle Clause: Forcing endless battles is banned
|rule|HP Percentage Mod: HP is shown in percentages
|clearpoke
|poke|p1|Grimmsnarl, M|
|poke|p1|Ursaluna, M|
|poke|p1|Dragapult, M|
|poke|p1|Magearna|
|poke|p1|Landorus-Therian, M|
|poke|p1|Volcarona, M|
|poke|p2|Volcanion|
|poke|p2|Gholdengo|
|poke|p2|Cinderace, M|
|poke|p2|Breloom, F|
|poke|p2|Tornadus-Therian, M|
|poke|p2|Roaring Moon|
|teampreview
|inactive|Battle timer is ON: inactive players will automatically lose when time's up. (requested by guywannahavefun)
|inactive|airslashesfolante has 120 seconds left.
|inactive|guywannahavefun has 120 seconds left.
|
|t:|1685909510
|start
|switch|p1a: Grimmsnarl|Grimmsnarl, M|100/100
|switch|p2a: Roaring Moon|Roaring Moon|100/100
|turn|1
|
|t:|1685909538
|move|p1a: Grimmsnarl|Reflect|p1a: Grimmsnarl
|-sidestart|p1: airslashesfolante|Reflect
|move|p2a: Roaring Moon|U-turn|p1a: Grimmsnarl
|-damage|p1a: Grimmsnarl|83/100
|
|t:|1685909547
|-end|p2a: Roaring Moon|Protosynthesis|[silent]
|switch|p2a: Tornadus|Tornadus-Therian, M|100/100|[from] U-turn
|
|upkeep
|turn|2
|
|t:|1685909550
|move|p1a: Grimmsnarl|Taunt|p2a: Tornadus
|-start|p2a: Tornadus|move: Taunt
|move|p2a: Tornadus|U-turn|p1a: Grimmsnarl
|-damage|p1a: Grimmsnarl|76/100
|
|t:|1685909557
|switch|p2a: Roaring Moon|Roaring Moon|100/100|[from] U-turn
|
|upkeep
|turn|3
|
|t:|1685909561
|switch|p1a: Magearna|Magearna|100/100
|move|p2a: Roaring Moon|U-turn|p1a: Magearna
|-resisted|p1a: Magearna
|-damage|p1a: Magearna|96/100
|
|t:|1685909566
|-end|p2a: Roaring Moon|Protosynthesis|[silent]
|switch|p2a: Volcanion|Volcanion|100/100|[from] U-turn
|
|upkeep
|turn|4
|
|t:|1685909572
|switch|p1a: Grimmsnarl|Grimmsnarl, M|76/100
|move|p2a: Volcanion|Flamethrower|p1a: Grimmsnarl
|-damage|p1a: Grimmsnarl|27/100
|
|upkeep
|turn|5
|
|t:|1685909578
|switch|p2a: Cinderace|Cinderace, M|100/100
|move|p1a: Grimmsnarl|Light Screen|p1a: Grimmsnarl
|-sidestart|p1: airslashesfolante|move: Light Screen
|
|upkeep
|turn|6
|
|t:|1685909582
|move|p1a: Grimmsnarl|Parting Shot|p2a: Cinderace
|-unboost|p2a: Cinderace|atk|1
|-unboost|p2a: Cinderace|spa|1
|
|t:|1685909585
|switch|p1a: Landorus|Landorus-Therian, M|100/100|[from] Parting Shot
|-ability|p1a: Landorus|Intimidate|boost
|-unboost|p2a: Cinderace|atk|1
|move|p2a: Cinderace|Pyro Ball|p1a: Landorus
|-damage|p1a: Landorus|86/100
|
|upkeep
|turn|7
|
|t:|1685909589
|move|p1a: Landorus|U-turn|p2a: Cinderace
|-resisted|p2a: Cinderace
|-damage|p2a: Cinderace|86/100
|
|t:|1685909596
|switch|p1a: Ursaluna|Ursaluna, M|100/100|[from] U-turn
|move|p2a: Cinderace|Court Change|p2a: Cinderace
|-swapsideconditions
|-activate|p2a: Cinderace|move: Court Change
|
|-status|p1a: Ursaluna|brn|[from] item: Flame Orb
|upkeep
|turn|8
|
|t:|1685909607
|move|p2a: Cinderace|U-turn|p1a: Ursaluna
|-damage|p1a: Ursaluna|94/100 brn
|
|t:|1685909615
|switch|p2a: Tornadus|Tornadus-Therian, M|100/100|[from] U-turn
|move|p1a: Ursaluna|Substitute|p1a: Ursaluna
|-start|p1a: Ursaluna|Substitute
|-damage|p1a: Ursaluna|69/100 brn
|
|-damage|p1a: Ursaluna|63/100 brn|[from] brn
|-sideend|p2: guywannahavefun|Reflect
|upkeep
|turn|9
|-message|guywannahavefun forfeited.
|
|win|airslashesfolante
|raw|airslashesfolante's rating: 1255 → 1286(+31 for winning)
|raw|guywannahavefun's rating: 1338 → 1313(-25 for losing)
|l|☆guywannahavefun
|l|☆airslashesfolante
|j|☆airslashesfolante
|player|p1|airslashesfolante|acerola
