|j|☆SimisearCanShoveIt
|j|☆Hex333
|t:|1685846114
|gametype|singles
|player|p1|SimisearCanShoveIt|byron|1196
|player|p2|Hex333|n|1172
|teamsize|p1|6
|teamsize|p2|6
|gen|9
|tier|[Gen 9] OU
|rated|
|rule|Sleep Clause Mod: Limit one foe put to sleep
|rule|Species Clause: Limit one of each Pokémon
|rule|OHKO Clause: OHKO moves are banned
|rule|Evasion Items Clause: Evasion items are banned
|rule|Evasion Moves Clause: Evasion moves are banned
|rule|Endless Battle Clause: Forcing endless battles is banned
|rule|HP Percentage Mod: HP is shown in percentages
|clearpoke
|poke|p1|Glastrier|
|poke|p1|Magearna|
|poke|p1|Cresselia, F|
|poke|p1|Ursaluna, M|
|poke|p1|Kingambit, M|
|poke|p1|Slowking-Galar, M|
|poke|p2|Breloom, M|
|poke|p2|Great Tusk|
|poke|p2|Skeledirge, M|
|poke|p2|Braviary-Hisui, M|
|poke|p2|Azumarill, F|
|poke|p2|Garchomp, M|
|teampreview
|c|☆SimisearCanShoveIt|glhf
|c|☆Hex333|u2 <3
|
|t:|1685846148
|start
|switch|p1a: I actually hate u|Cresselia, F|100/100
|switch|p2a: Breloom|Breloom, M|100/100
|turn|1
|
|t:|1685846156
|move|p2a: Breloom|Spore|p1a: I actually hate u
|-status|p1a: I actually hate u|slp|[from] move: Spore
|cant|p1a: I actually hate u|slp
|
|upkeep
|turn|2
|
|t:|1685846162
|switch|p2a: Skeledirge|Skeledirge, M|100/100
|-curestatus|p1a: I actually hate u|slp|[msg]
|move|p1a: I actually hate u|Trick Room|p1a: I actually hate u
|-fieldstart|move: Trick Room|[of] p1a: I actually hate u
|
|upkeep
|turn|3
|
|t:|1685846176
|switch|p1a: Mr Grizz|Ursaluna, M|100/100
|move|p2a: Skeledirge|Will-O-Wisp|p1a: Mr Grizz
|-status|p1a: Mr Grizz|brn
|
|-damage|p1a: Mr Grizz|94/100 brn|[from] brn
|upkeep
|turn|4
|inactive|Battle timer is ON: inactive players will automatically lose when time's up. (requested by Hex333)
|c|☆SimisearCanShoveIt|I think you've earned yourself a break...
|
|t:|1685846209
|-terastallize|p2a: Skeledirge|Fairy
|move|p1a: Mr Grizz|Earthquake|p2a: Skeledirge
|-damage|p2a: Skeledirge|23/100
|move|p2a: Skeledirge|Torch Song|p1a: Mr Grizz
|-damage|p1a: Mr Grizz|69/100 brn
|-boost|p2a: Skeledirge|spa|1
|
|-damage|p1a: Mr Grizz|63/100 brn|[from] brn
|upkeep
|turn|5
|
|t:|1685846224
|switch|p2a: Braviary|Braviary-Hisui, M|100/100
|move|p1a: Mr Grizz|Facade|p2a: Braviary
|-damage|p2a: Braviary|0 fnt
|faint|p2a: Braviary
|
|-damage|p1a: Mr Grizz|56/100 brn|[from] brn
|upkeep
|c|☆SimisearCanShoveIt|NOW COME HERE SO I CAN BREAK YOU
|
|t:|1685846233
|switch|p2a: Azumarill|Azumarill, F|100/100
|turn|6
|
|t:|1685846243
|-terastallize|p1a: Mr Grizz|Normal
|move|p2a: Azumarill|Aqua Jet|p1a: Mr Grizz
|-damage|p1a: Mr Grizz|27/100 brn
|move|p1a: Mr Grizz|Facade|p2a: Azumarill
|-damage|p2a: Azumarill|0 fnt
|faint|p2a: Azumarill
|
|-damage|p1a: Mr Grizz|21/100 brn|[from] brn
|-fieldend|move: Trick Room
|upkeep
|
|t:|1685846253
|switch|p2a: Breloom|Breloom, M|100/100
|turn|7
|
|t:|1685846261
|move|p2a: Breloom|Mach Punch|p1a: Mr Grizz
|-supereffective|p1a: Mr Grizz
|-damage|p1a: Mr Grizz|0 fnt
|faint|p1a: Mr Grizz
|
|upkeep
|
|t:|1685846269
|switch|p1a: MEOW PLANKTON|Slowking-Galar, M|100/100
|turn|8
|
|t:|1685846273
|move|p2a: Breloom|Spore|p1a: MEOW PLANKTON
|-status|p1a: MEOW PLANKTON|slp|[from] move: Spore
|cant|p1a: MEOW PLANKTON|slp
|
|upkeep
|turn|9
|
|t:|1685846280
|switch|p2a: Garchomp|Garchomp, M|100/100
|-curestatus|p1a: MEOW PLANKTON|slp|[msg]
|move|p1a: MEOW PLANKTON|Trick Room|p1a: MEOW PLANKTON
|-fieldstart|move: Trick Room|[of] p1a: MEOW PLANKTON
|
|upkeep
|turn|10
|
|t:|1685846286
|move|p1a: MEOW PLANKTON|Chilly Reception|p1a: MEOW PLANKTON
|-weather|Snow
|
|t:|1685846292
|switch|p1a: I actually hate u|Cresselia, F|100/100|[from] Chilly Reception
|move|p2a: Garchomp|Stealth Rock|p1a: I actually hate u
|-sidestart|p1: SimisearCanShoveIt|move: Stealth Rock
|
|-weather|Snow|[upkeep]
|upkeep
|turn|11
|
|t:|1685846301
|move|p1a: I actually hate u|Ice Beam|p2a: Garchomp
|-supereffective|p2a: Garchomp
|-damage|p2a: Garchomp|8/100
|move|p2a: Garchomp|Draco Meteor|p1a: I actually hate u
|-damage|p1a: I actually hate u|56/100
|-unboost|p2a: Garchomp|spa|2
|-damage|p2a: Garchomp|0 fnt|[from] item: Life Orb
|faint|p2a: Garchomp
|
|-weather|Snow|[upkeep]
|upkeep
|
|t:|1685846314
|switch|p2a: Skeledirge|Skeledirge, M, tera:Fairy|23/100
|turn|12
|
|t:|1685846329
|move|p2a: Skeledirge|Slack Off|p2a: Skeledirge
|-heal|p2a: Skeledirge|73/100
|move|p1a: I actually hate u|Lunar Dance|p1a: I actually hate u
|faint|p1a: I actually hate u
|
|-weather|Snow|[upkeep]
|upkeep
|
|t:|1685846335
|switch|p1a: Big Sharp|Kingambit, M|100/100
|-damage|p1a: Big Sharp|94/100|[from] Stealth Rock
|-activate|p1a: Big Sharp|ability: Supreme Overlord
|-start|p1a: Big Sharp|fallen2|[silent]
|turn|13
|
|t:|1685846342
|move|p1a: Big Sharp|Iron Head|p2a: Skeledirge
|-supereffective|p2a: Skeledirge
|-damage|p2a: Skeledirge|0 fnt
|faint|p2a: Skeledirge
|
|-weather|Snow|[upkeep]
|-heal|p1a: Big Sharp|100/100|[from] item: Leftovers
|-fieldend|move: Trick Room
|upkeep
|
|t:|1685846350
|switch|p2a: Breloom|Breloom, M|100/100
|turn|14
|
|t:|1685846356
|-end|p1a: Big Sharp|fallen2|[silent]
|switch|p1a: MEOW PLANKTON|Slowking-Galar, M|100/100
|-heal|p1a: MEOW PLANKTON|100/100|[from] move: Lunar Dance
|-damage|p1a: MEOW PLANKTON|88/100|[from] Stealth Rock
|move|p2a: Breloom|Mach Punch|p1a: MEOW PLANKTON
|-resisted|p1a: MEOW PLANKTON
|-damage|p1a: MEOW PLANKTON|82/100
|
|-weather|none
|upkeep
|turn|15
|
|t:|1685846365
|move|p2a: Breloom|Spore|p1a: MEOW PLANKTON
|-status|p1a: MEOW PLANKTON|slp|[from] move: Spore
|cant|p1a: MEOW PLANKTON|slp
|
|upkeep
|turn|16
|
|t:|1685846370
|switch|p2a: Great Tusk|Great Tusk|100/100
|-curestatus|p1a: MEOW PLANKTON|slp|[msg]
|move|p1a: MEOW PLANKTON|Trick Room|p1a: MEOW PLANKTON
|-fieldstart|move: Trick Room|[of] p1a: MEOW PLANKTON
|
|upkeep
|turn|17
|
|t:|1685846383
|move|p1a: MEOW PLANKTON|Psychic|p2a: Great Tusk
|-supereffective|p2a: Great Tusk
|-damage|p2a: Great Tusk|0 fnt
|faint|p2a: Great Tusk
|-end|p2a: Great Tusk|Protosynthesis|[silent]
|
|upkeep
|
|t:|1685846388
|switch|p2a: Breloom|Breloom, M|100/100
|turn|18
|c|☆SimisearCanShoveIt|gg
|c|☆Hex333|gg, cool team
|
|t:|1685846407
|move|p1a: MEOW PLANKTON|Psychic|p2a: Breloom
|-supereffective|p2a: Breloom
|-enditem|p2a: Breloom|Focus Sash
|-damage|p2a: Breloom|1/100
|move|p2a: Breloom|Bullet Seed|p1a: MEOW PLANKTON
|-resisted|p1a: MEOW PLANKTON
|-damage|p1a: MEOW PLANKTON|74/100
|-resisted|p1a: MEOW PLANKTON
|-damage|p1a: MEOW PLANKTON|65/100
|-hitcount|p1a: MEOW PLANKTON|2
|
|upkeep
|turn|19
|
|t:|1685846416
|move|p1a: MEOW PLANKTON|Psychic|p2a: Breloom
|-supereffective|p2a: Breloom
|-damage|p2a: Breloom|0 fnt
|faint|p2a: Breloom
|
|win|SimisearCanShoveIt
|raw|SimisearCanShoveIt's rating: 1196 → 1219(+23 for winning)
|raw|Hex333's rating: 1172 → 1149(-23 for losing)
