|j|☆Rebel242
|j|☆cool trainer will
|t:|1685844062
|gametype|singles
|player|p1|Rebel242|silver|1180
|player|p2|cool trainer will|266|1147
|teamsize|p1|6
|teamsize|p2|6
|gen|9
|tier|[Gen 9] OU
|rated|
|rule|Sleep Clause Mod: Limit one foe put to sleep
|rule|Species Clause: Limit one of each Pokémon
|rule|OHKO Clause: OHKO moves are banned
|rule|Evasion Items Clause: Evasion items are banned
|rule|Evasion Moves Clause: Evasion moves are banned
|rule|Endless Battle Clause: Forcing endless battles is banned
|rule|HP Percentage Mod: HP is shown in percentages
|clearpoke
|poke|p1|Dragapult, F|
|poke|p1|Arcanine-Hisui, F|
|poke|p1|Sneasler, F|
|poke|p1|Cinderace, M|
|poke|p1|Zamazenta-*|
|poke|p1|Garchomp, F|
|poke|p2|Iron Treads|
|poke|p2|Hydreigon, M|
|poke|p2|Gengar, M|
|poke|p2|Dondozo, F|
|poke|p2|Volcanion|
|poke|p2|Azumarill, F|
|teampreview
|inactive|Battle timer is ON: inactive players will automatically lose when time's up. (requested by Rebel242)
|
|t:|1685844069
|start
|switch|p1a: Sneasler|Sneasler, F|100/100
|switch|p2a: Azumarill|Azumarill, F|100/100
|turn|1
|
|t:|1685844075
|-terastallize|p2a: Azumarill|Poison
|move|p1a: Sneasler|Fake Out|p2a: Azumarill
|-damage|p2a: Azumarill|85/100
|cant|p2a: Azumarill|flinch
|
|upkeep
|turn|2
|
|t:|1685844086
|move|p1a: Sneasler|U-turn|p2a: Azumarill
|-resisted|p2a: Azumarill
|-damage|p2a: Azumarill|72/100
|
|t:|1685844089
|switch|p1a: Garchomp|Garchomp, F|100/100|[from] U-turn
|move|p2a: Azumarill|Double-Edge|p1a: Garchomp
|-damage|p1a: Garchomp|71/100
|-damage|p2a: Azumarill|59/100|[from] ability: Rough Skin|[of] p1a: Garchomp
|-damage|p2a: Azumarill|43/100|[from] item: Rocky Helmet|[of] p1a: Garchomp
|-enditem|p2a: Azumarill|Sitrus Berry|[eat]
|-heal|p2a: Azumarill|68/100|[from] item: Sitrus Berry
|-damage|p2a: Azumarill|57/100|[from] Recoil
|
|upkeep
|turn|3
|
|t:|1685844103
|-terastallize|p1a: Garchomp|Water
|move|p1a: Garchomp|Earthquake|p2a: Azumarill
|-supereffective|p2a: Azumarill
|-damage|p2a: Azumarill|0 fnt
|faint|p2a: Azumarill
|
|upkeep
|
|t:|1685844121
|switch|p2a: Gengar|Gengar, M|100/100
|turn|4
|
|t:|1685844126
|move|p2a: Gengar|Toxic Spikes|p1a: Garchomp
|-sidestart|p1: Rebel242|move: Toxic Spikes
|move|p1a: Garchomp|Earthquake|p2a: Gengar
|-supereffective|p2a: Gengar
|-enditem|p2a: Gengar|Focus Sash
|-damage|p2a: Gengar|1/100
|
|upkeep
|turn|5
|c|☆cool trainer will|oh fuck
|c|☆cool trainer will|why he gotta lose levitat3e
|c|☆cool trainer will|so ass
|
|t:|1685844142
|move|p2a: Gengar|Destiny Bond|p2a: Gengar
|-singlemove|p2a: Gengar|Destiny Bond
|move|p1a: Garchomp|Rest|p1a: Garchomp
|-status|p1a: Garchomp|slp|[from] move: Rest
|-heal|p1a: Garchomp|100/100 slp|[silent]
|
|upkeep
|turn|6
|c|☆cool trainer will|rest chomp?????????
|c|☆cool trainer will|you are weird as fuck
|c|☆Rebel242|Saw destiny bond coming
|inactive|Rebel242 has 120 seconds left.
|c|☆Rebel242|And um yea. I don't use sets made by other guys . I make my own ..I'm not a moron
|c|☆cool trainer will|ok buddy
|
|t:|1685844193
|move|p2a: Gengar|Shadow Ball|p1a: Garchomp
|-damage|p1a: Garchomp|61/100 slp
|cant|p1a: Garchomp|slp
|move|p1a: Garchomp|Sleep Talk|p1a: Garchomp
|move|p1a: Garchomp|Earthquake|p2a: Gengar|[from]move: Sleep Talk
|-supereffective|p2a: Gengar
|-damage|p2a: Gengar|0 fnt
|faint|p2a: Gengar
|
|upkeep
|c|☆cool trainer will|i bet you tell people youre in mensa too
|
|t:|1685844209
|switch|p2a: Hydreigon|Hydreigon, M|100/100
|turn|7
|
|t:|1685844212
|move|p2a: Hydreigon|Dark Pulse|p1a: Garchomp
|-damage|p1a: Garchomp|27/100 slp
|cant|p1a: Garchomp|slp
|move|p1a: Garchomp|Sleep Talk|p1a: Garchomp
|move|p1a: Garchomp|Earthquake|p2a: Hydreigon|[from]move: Sleep Talk
|-immune|p2a: Hydreigon|[from] ability: Levitate
|
|upkeep
|turn|8
|inactive|Rebel242 has 120 seconds left.
|
|t:|1685844225
|switch|p1a: Zamazenta|Zamazenta|100/100
|-status|p1a: Zamazenta|psn
|-ability|p1a: Zamazenta|Dauntless Shield|boost
|-boost|p1a: Zamazenta|def|1
|move|p2a: Hydreigon|Dark Pulse|p1a: Zamazenta
|-resisted|p1a: Zamazenta
|-damage|p1a: Zamazenta|80/100 psn
|
|-heal|p1a: Zamazenta|86/100 psn|[from] item: Leftovers
|-damage|p1a: Zamazenta|74/100 psn|[from] psn
|upkeep
|turn|9
|inactive|Rebel242 has 120 seconds left.
|
|t:|1685844237
|switch|p2a: Dondozo|Dondozo, F|100/100
|move|p1a: Zamazenta|Body Press|p2a: Dondozo
|-damage|p2a: Dondozo|77/100
|
|-heal|p1a: Zamazenta|80/100 psn|[from] item: Leftovers
|-heal|p2a: Dondozo|83/100|[from] item: Leftovers
|-damage|p1a: Zamazenta|68/100 psn|[from] psn
|upkeep
|turn|10
|inactive|Rebel242 has 120 seconds left.
|
|t:|1685844250
|switch|p1a: Sneasler|Sneasler, F|100/100
|-sideend|p1: Rebel242|move: Toxic Spikes|[of] p1a: Sneasler
|move|p2a: Dondozo|Curse|p2a: Dondozo
|-unboost|p2a: Dondozo|spe|1
|-boost|p2a: Dondozo|atk|1
|-boost|p2a: Dondozo|def|1
|
|-heal|p2a: Dondozo|90/100|[from] item: Leftovers
|upkeep
|turn|11
|inactive|Rebel242 has 120 seconds left.
|
|t:|1685844259
|move|p1a: Sneasler|Fake Out|p2a: Dondozo
|-damage|p2a: Dondozo|84/100
|cant|p2a: Dondozo|flinch
|
|-heal|p2a: Dondozo|90/100|[from] item: Leftovers
|upkeep
|turn|12
|
|t:|1685844267
|move|p1a: Sneasler|U-turn|p2a: Dondozo
|-crit|p2a: Dondozo
|-damage|p2a: Dondozo|69/100
|-status|p2a: Dondozo|psn|[from] ability: Poison Touch|[of] p1a: Sneasler
|
|t:|1685844271
|switch|p1a: Garchomp|Garchomp, F, tera:Water|27/100 slp|[from] U-turn
|move|p2a: Dondozo|Curse|p2a: Dondozo
|-unboost|p2a: Dondozo|spe|1
|-boost|p2a: Dondozo|atk|1
|-boost|p2a: Dondozo|def|1
|
|-heal|p2a: Dondozo|75/100 psn|[from] item: Leftovers
|-damage|p2a: Dondozo|63/100 psn|[from] psn
|upkeep
|turn|13
|
|t:|1685844282
|-curestatus|p1a: Garchomp|slp|[msg]
|move|p1a: Garchomp|Rest|p1a: Garchomp
|-status|p1a: Garchomp|slp|[from] move: Rest
|-heal|p1a: Garchomp|100/100 slp|[silent]
|move|p2a: Dondozo|Liquidation|p1a: Garchomp
|-resisted|p1a: Garchomp
|-damage|p1a: Garchomp|81/100 slp
|-damage|p2a: Dondozo|50/100 psn|[from] ability: Rough Skin|[of] p1a: Garchomp
|-damage|p2a: Dondozo|34/100 psn|[from] item: Rocky Helmet|[of] p1a: Garchomp
|
|-heal|p2a: Dondozo|40/100 psn|[from] item: Leftovers
|-damage|p2a: Dondozo|27/100 psn|[from] psn
|upkeep
|turn|14
|inactive|Rebel242 has 120 seconds left.
|n|!Rebel242|rebel242
|
|t:|1685844320
|cant|p1a: Garchomp|slp
|move|p1a: Garchomp|Sleep Talk|p1a: Garchomp
|move|p1a: Garchomp|Rest||[from]move: Sleep Talk|[still]
|-fail|p1a: Garchomp
|move|p2a: Dondozo|Curse|p2a: Dondozo
|-unboost|p2a: Dondozo|spe|1
|-boost|p2a: Dondozo|atk|1
|-boost|p2a: Dondozo|def|1
|
|-heal|p2a: Dondozo|33/100 psn|[from] item: Leftovers
|-damage|p2a: Dondozo|21/100 psn|[from] psn
|upkeep
|turn|15
|
|t:|1685844333
|cant|p1a: Garchomp|slp
|move|p2a: Dondozo|Rest|p2a: Dondozo
|-status|p2a: Dondozo|slp|[from] move: Rest
|-heal|p2a: Dondozo|100/100 slp|[silent]
|
|upkeep
|turn|16
|
|t:|1685844343
|cant|p2a: Dondozo|slp
|move|p2a: Dondozo|Sleep Talk|p2a: Dondozo
|move|p2a: Dondozo|Curse|p2a: Dondozo|[from]move: Sleep Talk
|-unboost|p2a: Dondozo|spe|1
|-boost|p2a: Dondozo|atk|1
|-boost|p2a: Dondozo|def|1
|-curestatus|p1a: Garchomp|slp|[msg]
|move|p1a: Garchomp|Dragon Tail|p2a: Dondozo
|-damage|p2a: Dondozo|96/100 slp
|drag|p2a: Volcanion|Volcanion|100/100
|
|upkeep
|turn|17
|
|t:|1685844357
|move|p1a: Garchomp|Earthquake|p2a: Volcanion
|-supereffective|p2a: Volcanion
|-damage|p2a: Volcanion|20/100
|move|p2a: Volcanion|Sludge Bomb|p1a: Garchomp
|-damage|p1a: Garchomp|52/100
|
|upkeep
|turn|18
|c|☆cool trainer will|bro go outside
|
|t:|1685844364
|move|p2a: Volcanion|Sludge Bomb|p1a: Garchomp
|-damage|p1a: Garchomp|19/100
|-status|p1a: Garchomp|psn
|move|p1a: Garchomp|Dragon Tail|p2a: Volcanion
|-damage|p2a: Volcanion|0 fnt
|faint|p2a: Volcanion
|
|-damage|p1a: Garchomp|7/100 psn|[from] psn
|upkeep
|
|t:|1685844374
|switch|p2a: Iron Treads|Iron Treads|100/100
|turn|19
|inactive|Rebel242 has 120 seconds left.
|c|☆cool trainer will|its nice out
|
|t:|1685844387
|move|p2a: Iron Treads|Earthquake|p1a: Garchomp
|-crit|p1a: Garchomp
|-damage|p1a: Garchomp|0 fnt
|faint|p1a: Garchomp
|
|upkeep
|c|☆cool trainer will|shouldnt you have friends
|inactive|Rebel242 has 120 seconds left.
|
|t:|1685844398
|switch|p1a: Cinderace|Cinderace, M|100/100
|turn|20
|
|t:|1685844404
|move|p1a: Cinderace|U-turn|p2a: Iron Treads
|-start|p1a: Cinderace|typechange|Bug|[from] ability: Libero
|-resisted|p2a: Iron Treads
|-damage|p2a: Iron Treads|86/100
|
|t:|1685844409
|switch|p1a: Zamazenta|Zamazenta|68/100 psn|[from] U-turn
|move|p2a: Iron Treads|Earthquake|p1a: Zamazenta
|-damage|p1a: Zamazenta|35/100 psn
|
|-heal|p1a: Zamazenta|41/100 psn|[from] item: Leftovers
|-damage|p1a: Zamazenta|29/100 psn|[from] psn
|upkeep
|turn|21
|
|t:|1685844419
|-end|p2a: Iron Treads|Quark Drive|[silent]
|switch|p2a: Dondozo|Dondozo, F|96/100 slp
|move|p1a: Zamazenta|Body Press|p2a: Dondozo
|-damage|p2a: Dondozo|73/100 slp
|
|-heal|p1a: Zamazenta|35/100 psn|[from] item: Leftovers
|-heal|p2a: Dondozo|79/100 slp|[from] item: Leftovers
|-damage|p1a: Zamazenta|22/100 psn|[from] psn
|upkeep
|turn|22
|
|t:|1685844429
|move|p1a: Zamazenta|Body Press|p2a: Dondozo
|-damage|p2a: Dondozo|56/100 slp
|cant|p2a: Dondozo|slp
|
|-heal|p1a: Zamazenta|29/100 psn|[from] item: Leftovers
|-heal|p2a: Dondozo|62/100 slp|[from] item: Leftovers
|-damage|p1a: Zamazenta|16/100 psn|[from] psn
|upkeep
|turn|23
|
|t:|1685844439
|move|p1a: Zamazenta|Body Press|p2a: Dondozo
|-damage|p2a: Dondozo|38/100 slp
|-curestatus|p2a: Dondozo|slp|[msg]
|move|p2a: Dondozo|Curse|p2a: Dondozo
|-unboost|p2a: Dondozo|spe|1
|-boost|p2a: Dondozo|atk|1
|-boost|p2a: Dondozo|def|1
|
|-heal|p1a: Zamazenta|22/100 psn|[from] item: Leftovers
|-heal|p2a: Dondozo|44/100|[from] item: Leftovers
|-damage|p1a: Zamazenta|10/100 psn|[from] psn
|upkeep
|turn|24
|
|t:|1685844453
|move|p1a: Zamazenta|Body Press|p2a: Dondozo
|-damage|p2a: Dondozo|28/100
|move|p2a: Dondozo|Rest|p2a: Dondozo
|-status|p2a: Dondozo|slp|[from] move: Rest
|-heal|p2a: Dondozo|100/100 slp|[silent]
|
|-heal|p1a: Zamazenta|16/100 psn|[from] item: Leftovers
|-damage|p1a: Zamazenta|4/100 psn|[from] psn
|upkeep
|turn|25
|
|t:|1685844463
|move|p1a: Zamazenta|Body Press|p2a: Dondozo
|-damage|p2a: Dondozo|84/100 slp
|cant|p2a: Dondozo|slp
|move|p2a: Dondozo|Sleep Talk|p2a: Dondozo
|move|p2a: Dondozo|Curse|p2a: Dondozo|[from]move: Sleep Talk
|-unboost|p2a: Dondozo|spe|1
|-boost|p2a: Dondozo|atk|1
|-boost|p2a: Dondozo|def|1
|
|-heal|p1a: Zamazenta|10/100 psn|[from] item: Leftovers
|-heal|p2a: Dondozo|90/100 slp|[from] item: Leftovers
|-damage|p1a: Zamazenta|0 fnt|[from] psn
|faint|p1a: Zamazenta
|upkeep
|
|t:|1685844479
|switch|p1a: Dragapult|Dragapult, F|100/100
|turn|26
|
|t:|1685844483
|move|p1a: Dragapult|Shadow Ball|p2a: Dondozo
|-damage|p2a: Dondozo|67/100 slp
|cant|p2a: Dondozo|slp
|move|p2a: Dondozo|Sleep Talk|p2a: Dondozo
|move|p2a: Dondozo|Liquidation|p1a: Dragapult|[from]move: Sleep Talk
|-resisted|p1a: Dragapult
|-damage|p1a: Dragapult|57/100
|
|-heal|p2a: Dondozo|73/100 slp|[from] item: Leftovers
|upkeep
|turn|27
|
|t:|1685844495
|move|p1a: Dragapult|Shadow Ball|p2a: Dondozo
|-damage|p2a: Dondozo|50/100 slp
|-curestatus|p2a: Dondozo|slp|[msg]
|move|p2a: Dondozo|Liquidation|p1a: Dragapult
|-resisted|p1a: Dragapult
|-damage|p1a: Dragapult|19/100
|-unboost|p1a: Dragapult|def|1
|
|-heal|p2a: Dondozo|56/100|[from] item: Leftovers
|upkeep
|turn|28
|
|t:|1685844510
|move|p1a: Dragapult|Draco Meteor|p2a: Dondozo
|-damage|p2a: Dondozo|15/100
|-unboost|p1a: Dragapult|spa|2
|move|p2a: Dondozo|Liquidation|p1a: Dragapult
|-resisted|p1a: Dragapult
|-damage|p1a: Dragapult|0 fnt
|faint|p1a: Dragapult
|
|-heal|p2a: Dondozo|21/100|[from] item: Leftovers
|upkeep
|
|t:|1685844522
|switch|p1a: Sneasler|Sneasler, F|100/100
|turn|29
|
|t:|1685844525
|move|p1a: Sneasler|Fake Out|p2a: Dondozo
|-damage|p2a: Dondozo|17/100
|-status|p2a: Dondozo|psn|[from] ability: Poison Touch|[of] p1a: Sneasler
|cant|p2a: Dondozo|flinch
|
|-heal|p2a: Dondozo|24/100 psn|[from] item: Leftovers
|-damage|p2a: Dondozo|11/100 psn|[from] psn
|upkeep
|turn|30
|
|t:|1685844537
|move|p1a: Sneasler|Dire Claw|p2a: Dondozo
|-damage|p2a: Dondozo|0 fnt
|faint|p2a: Dondozo
|
|upkeep
|
|t:|1685844548
|switch|p2a: Iron Treads|Iron Treads|86/100
|turn|31
|
|t:|1685844560
|move|p1a: Sneasler|Close Combat|p2a: Iron Treads
|-supereffective|p2a: Iron Treads
|-damage|p2a: Iron Treads|0 fnt
|-unboost|p1a: Sneasler|def|1
|-unboost|p1a: Sneasler|spd|1
|faint|p2a: Iron Treads
|-end|p2a: Iron Treads|Quark Drive|[silent]
|
|upkeep
|-message|cool trainer will forfeited.
|
|win|Rebel242
|raw|Rebel242's rating: 1180 → 1203(+23 for winning)
|raw|cool trainer will's rating: 1147 → 1124(-23 for losing)
