|j|☆Bam17
|j|☆bogan7595
|t:|1685860788
|gametype|singles
|player|p1|Bam17|blackbelt-gen4dp|1083
|player|p2|bogan7595|1|1009
|teamsize|p1|6
|teamsize|p2|6
|gen|9
|tier|[Gen 9] OU
|rated|
|rule|Sleep Clause Mod: Limit one foe put to sleep
|rule|Species Clause: Limit one of each Pokémon
|rule|OHKO Clause: OHKO moves are banned
|rule|Evasion Items Clause: Evasion items are banned
|rule|Evasion Moves Clause: Evasion moves are banned
|rule|Endless Battle Clause: Forcing endless battles is banned
|rule|HP Percentage Mod: HP is shown in percentages
|clearpoke
|poke|p1|Lilligant-Hisui, F|
|poke|p1|Walking Wake|
|poke|p1|Torkoal, M|
|poke|p1|Donphan, M|
|poke|p1|Corviknight, M|
|poke|p1|Magnezone|
|poke|p2|Overqwil, M|
|poke|p2|Toxapex, M|
|poke|p2|Magnezone|
|poke|p2|Forretress, M|
|poke|p2|Moltres|
|poke|p2|Azelf|
|teampreview
|
|t:|1685860805
|start
|switch|p1a: Magnezone|Magnezone, shiny|100/100
|switch|p2a: Toxapex|Toxapex, M|100/100
|turn|1
|
|t:|1685860811
|move|p1a: Magnezone|Volt Switch|p2a: Toxapex
|-supereffective|p2a: Toxapex
|-damage|p2a: Toxapex|5/100
|
|t:|1685860816
|switch|p1a: Corviknight|Corviknight, M|100/100|[from] Volt Switch
|move|p2a: Toxapex|Toxic Spikes|p1a: Corviknight
|-sidestart|p1: Bam17|move: Toxic Spikes
|
|-heal|p2a: Toxapex|11/100|[from] item: Black Sludge
|upkeep
|turn|2
|
|t:|1685860830
|switch|p2a: Magnezone|Magnezone|100/100
|move|p1a: Corviknight|Defog|p2a: Magnezone
|-unboost|p2a: Magnezone|evasion|1
|-sideend|p1: Bam17|Toxic Spikes|[from] move: Defog|[of] p1a: Corviknight
|
|upkeep
|turn|3
|
|t:|1685860843
|switch|p1a: Donphan|Donphan, M, shiny|100/100
|move|p2a: Magnezone|Thunderbolt|p1a: Donphan
|-immune|p1a: Donphan
|
|upkeep
|turn|4
|-message|bogan7595 forfeited.
|
|win|Bam17
|raw|Bam17's rating: 1083 → 1105(+22 for winning)
|raw|bogan7595's rating: 1009 → 1000(-9 for losing)
|l|☆bogan7595
