|j|☆WATER77
|j|☆ResPootin
|t:|1685917182
|gametype|singles
|player|p1|WATER77|burglar|1090
|player|p2|ResPootin|cheren|1173
|teamsize|p1|6
|teamsize|p2|6
|gen|9
|tier|[Gen 9] OU
|rated|
|rule|Sleep Clause Mod: Limit one foe put to sleep
|rule|Species Clause: Limit one of each Pokémon
|rule|OHKO Clause: OHKO moves are banned
|rule|Evasion Items Clause: Evasion items are banned
|rule|Evasion Moves Clause: Evasion moves are banned
|rule|Endless Battle Clause: Forcing endless battles is banned
|rule|HP Percentage Mod: HP is shown in percentages
|clearpoke
|poke|p1|Magearna|
|poke|p1|Samurott-Hisui, M|
|poke|p1|Dragapult, M|
|poke|p1|Landorus-Therian, M|
|poke|p1|Sneasler, F|
|poke|p1|Rotom-Wash|
|poke|p2|Ting-Lu|
|poke|p2|Kingambit, M|
|poke|p2|Greninja, M|
|poke|p2|Hydreigon, M|
|poke|p2|Skeledirge, F|
|poke|p2|Amoonguss, M|
|teampreview
|
|t:|1685917194
|start
|switch|p1a: Rotom|Rotom-Wash|100/100
|switch|p2a: Greninja|Greninja, M|100/100
|turn|1
|
|t:|1685917210
|move|p2a: Greninja|U-turn|p1a: Rotom
|-start|p2a: Greninja|typechange|Bug|[from] ability: Protean
|-damage|p1a: Rotom|61/100
|-damage|p2a: Greninja|91/100|[from] item: Life Orb
|
|t:|1685917215
|switch|p2a: Imposter|Amoonguss, M|100/100|[from] U-turn
|move|p1a: Rotom|Volt Switch|p2a: Imposter
|-resisted|p2a: Imposter
|-damage|p2a: Imposter|85/100
|
|t:|1685917229
|switch|p1a: Sneasler|Sneasler, F|100/100|[from] Volt Switch
|
|-heal|p2a: Imposter|91/100|[from] item: Black Sludge
|upkeep
|turn|2
|
|t:|1685917235
|move|p1a: Sneasler|Dire Claw|p2a: Imposter
|-damage|p2a: Imposter|61/100
|move|p2a: Imposter|Spore|p1a: Sneasler
|-status|p1a: Sneasler|slp|[from] move: Spore
|
|-heal|p2a: Imposter|68/100|[from] item: Black Sludge
|upkeep
|turn|3
|
|t:|1685917246
|switch|p2a: Bowcut|Ting-Lu|100/100
|-ability|p2a: Bowcut|Vessel of Ruin
|cant|p1a: Sneasler|slp
|
|upkeep
|turn|4
|
|t:|1685917253
|cant|p1a: Sneasler|slp
|move|p2a: Bowcut|Earthquake|p1a: Sneasler
|-supereffective|p1a: Sneasler
|-enditem|p1a: Sneasler|Focus Sash
|-damage|p1a: Sneasler|1/100 slp
|
|upkeep
|turn|5
|
|t:|1685917259
|cant|p1a: Sneasler|slp
|move|p2a: Bowcut|Stealth Rock|p1a: Sneasler
|-sidestart|p1: WATER77|move: Stealth Rock
|
|upkeep
|turn|6
|
|t:|1685917263
|-curestatus|p1a: Sneasler|slp|[msg]
|move|p1a: Sneasler|Close Combat|p2a: Bowcut
|-supereffective|p2a: Bowcut
|-crit|p2a: Bowcut
|-damage|p2a: Bowcut|0 fnt
|-unboost|p1a: Sneasler|def|1
|-unboost|p1a: Sneasler|spd|1
|faint|p2a: Bowcut
|
|upkeep
|
|t:|1685917278
|switch|p2a: Imposter|Amoonguss, M|100/100
|turn|7
|
|t:|1685917281
|move|p1a: Sneasler|Dire Claw|p2a: Imposter
|-damage|p2a: Imposter|70/100
|move|p2a: Imposter|Foul Play|p1a: Sneasler
|-resisted|p1a: Sneasler
|-damage|p1a: Sneasler|0 fnt
|faint|p1a: Sneasler
|
|-heal|p2a: Imposter|76/100|[from] item: Black Sludge
|upkeep
|
|t:|1685917296
|switch|p1a: Dragapult|Dragapult, M, shiny|100/100
|-damage|p1a: Dragapult|88/100|[from] Stealth Rock
|turn|8
|
|t:|1685917302
|move|p1a: Dragapult|Dragon Darts|p2a: Imposter
|-crit|p2a: Imposter
|-damage|p2a: Imposter|49/100
|-anim|p1a: Dragapult|Dragon Darts|p2a: Imposter
|-damage|p2a: Imposter|30/100
|move|p2a: Imposter|Spore|p1a: Dragapult
|-status|p1a: Dragapult|slp|[from] move: Spore
|
|-heal|p2a: Imposter|36/100|[from] item: Black Sludge
|upkeep
|turn|9
|
|t:|1685917312
|cant|p1a: Dragapult|slp
|move|p2a: Imposter|Foul Play|p1a: Dragapult
|-supereffective|p1a: Dragapult
|-damage|p1a: Dragapult|8/100 slp
|-start|p2a: Imposter|Disable|Foul Play|[from] ability: Cursed Body|[of] p1a: Dragapult
|
|-heal|p2a: Imposter|43/100|[from] item: Black Sludge
|upkeep
|turn|10
|
|t:|1685917320
|cant|p1a: Dragapult|slp
|move|p2a: Imposter|Clear Smog|p1a: Dragapult
|-resisted|p1a: Dragapult
|-damage|p1a: Dragapult|0 fnt
|-clearboost|p1a: Dragapult
|faint|p1a: Dragapult
|
|-heal|p2a: Imposter|49/100|[from] item: Black Sludge
|upkeep
|
|t:|1685917331
|switch|p1a: Magearna|Magearna|100/100
|-damage|p1a: Magearna|95/100|[from] Stealth Rock
|turn|11
|
|t:|1685917340
|switch|p2a: Skeledirge|Skeledirge, F|100/100
|move|p1a: Magearna|Shift Gear|p1a: Magearna
|-boost|p1a: Magearna|spe|2
|-boost|p1a: Magearna|atk|1
|
|-heal|p1a: Magearna|100/100|[from] item: Leftovers
|upkeep
|turn|12
|
|t:|1685917347
|move|p1a: Magearna|Calm Mind|p1a: Magearna
|-boost|p1a: Magearna|spa|1
|-boost|p1a: Magearna|spd|1
|move|p2a: Skeledirge|Will-O-Wisp|p1a: Magearna
|-status|p1a: Magearna|brn
|
|-damage|p1a: Magearna|95/100 brn|[from] brn
|upkeep
|turn|13
|
|t:|1685917354
|move|p1a: Magearna|Calm Mind|p1a: Magearna
|-boost|p1a: Magearna|spa|1
|-boost|p1a: Magearna|spd|1
|move|p2a: Skeledirge|Torch Song|p1a: Magearna
|-supereffective|p1a: Magearna
|-damage|p1a: Magearna|33/100 brn
|-boost|p2a: Skeledirge|spa|1
|
|-heal|p1a: Magearna|39/100 brn|[from] item: Leftovers
|-damage|p1a: Magearna|33/100 brn|[from] brn
|upkeep
|turn|14
|c|☆ResPootin|Honk
|
|t:|1685917364
|move|p1a: Magearna|Draining Kiss|p2a: Skeledirge
|-resisted|p2a: Skeledirge
|-damage|p2a: Skeledirge|90/100
|-heal|p1a: Magearna|44/100 brn|[from] drain|[of] p2a: Skeledirge
|move|p2a: Skeledirge|Torch Song|p1a: Magearna
|-supereffective|p1a: Magearna
|-damage|p1a: Magearna|0 fnt
|-boost|p2a: Skeledirge|spa|1
|faint|p1a: Magearna
|
|upkeep
|
|t:|1685917370
|switch|p1a: Rotom|Rotom-Wash|61/100
|-damage|p1a: Rotom|49/100|[from] Stealth Rock
|turn|15
|-message|WATER77 forfeited.
|
|win|ResPootin
|raw|WATER77's rating: 1090 → 1072(-18 for losing)
|raw|ResPootin's rating: 1173 → 1192(+19 for winning)
|c|☆ResPootin|Honk
