|j|☆ianlazerbeem
|j|☆tenderman69
|t:|1685927512
|gametype|singles
|player|p1|ianlazerbeem|102|1362
|player|p2|tenderman69|169|1423
|teamsize|p1|6
|teamsize|p2|6
|gen|9
|tier|[Gen 9] OU
|rated|
|rule|Sleep Clause Mod: Limit one foe put to sleep
|rule|Species Clause: Limit one of each Pokémon
|rule|OHKO Clause: OHKO moves are banned
|rule|Evasion Items Clause: Evasion items are banned
|rule|Evasion Moves Clause: Evasion moves are banned
|rule|Endless Battle Clause: Forcing endless battles is banned
|rule|HP Percentage Mod: HP is shown in percentages
|clearpoke
|poke|p1|Magearna|
|poke|p1|Gholdengo|
|poke|p1|Garganacl, F|
|poke|p1|Urshifu-*, F|
|poke|p1|Volcarona, M|
|poke|p1|Landorus-Therian, M|
|poke|p2|Clodsire, M|
|poke|p2|Tauros-Paldea-Aqua, M|
|poke|p2|Landorus-Therian, M|
|poke|p2|Corviknight, F|
|poke|p2|Dragapult, F|
|poke|p2|Enamorus, F|
|teampreview
|inactive|Battle timer is ON: inactive players will automatically lose when time's up. (requested by ianlazerbeem)
|inactive|tenderman69 has 120 seconds left.
|
|t:|1685927562
|start
|switch|p1a: Landorus|Landorus-Therian, M|100/100
|switch|p2a: Landorus|Landorus-Therian, M|100/100
|-ability|p2a: Landorus|Intimidate|boost
|-unboost|p1a: Landorus|atk|1
|-ability|p1a: Landorus|Intimidate|boost
|-unboost|p2a: Landorus|atk|1
|turn|1
|
|t:|1685927573
|move|p2a: Landorus|U-turn|p1a: Landorus
|-resisted|p1a: Landorus
|-damage|p1a: Landorus|94/100
|
|t:|1685927580
|switch|p2a: Corviknight|Corviknight, F|100/100|[from] U-turn
|-ability|p2a: Corviknight|Pressure
|move|p1a: Landorus|Stealth Rock|p2a: Corviknight
|-sidestart|p2: tenderman69|move: Stealth Rock
|
|-heal|p1a: Landorus|99/100|[from] item: Leftovers
|upkeep
|turn|2
|
|t:|1685927593
|switch|p1a: Gholdengo|Gholdengo|100/100
|-item|p1a: Gholdengo|Air Balloon
|move|p2a: Corviknight|Defog|p1a: Gholdengo
|-immune|p1a: Gholdengo|[from] ability: Good as Gold
|
|upkeep
|turn|3
|
|t:|1685927602
|switch|p2a: Clodsire|Clodsire, M|100/100
|-damage|p2a: Clodsire|94/100|[from] Stealth Rock
|move|p1a: Gholdengo|Thunder Wave|p2a: Clodsire
|-immune|p2a: Clodsire
|
|-heal|p2a: Clodsire|100/100|[from] item: Leftovers
|upkeep
|turn|4
|
|t:|1685927618
|switch|p1a: Garganacl|Garganacl, F|100/100
|move|p2a: Clodsire|Stealth Rock|p1a: Garganacl
|-sidestart|p1: ianlazerbeem|move: Stealth Rock
|
|upkeep
|turn|5
|
|t:|1685927646
|switch|p2a: Corviknight|Corviknight, F|100/100
|-damage|p2a: Corviknight|88/100|[from] Stealth Rock
|-ability|p2a: Corviknight|Pressure
|-terastallize|p1a: Garganacl|Water
|move|p1a: Garganacl|Salt Cure|p2a: Corviknight
|-damage|p2a: Corviknight|80/100
|
|upkeep
|turn|6
|inactive|tenderman69 has 120 seconds left.
|
|t:|1685927673
|switch|p1a: Gholdengo|Gholdengo|100/100
|-damage|p1a: Gholdengo|94/100|[from] Stealth Rock
|-item|p1a: Gholdengo|Air Balloon
|move|p2a: Corviknight|U-turn|p1a: Gholdengo
|-resisted|p1a: Gholdengo
|-damage|p1a: Gholdengo|92/100
|-enditem|p1a: Gholdengo|Air Balloon
|
|t:|1685927682
|switch|p2a: Landorus|Landorus-Therian, M|100/100|[from] U-turn
|-damage|p2a: Landorus|88/100|[from] Stealth Rock
|-ability|p2a: Landorus|Intimidate|boost
|-unboost|p1a: Gholdengo|atk|1
|
|upkeep
|turn|7
|
|t:|1685927697
|switch|p1a: Landorus|Landorus-Therian, M|99/100
|-damage|p1a: Landorus|88/100|[from] Stealth Rock
|-ability|p1a: Landorus|Intimidate|boost
|-unboost|p2a: Landorus|atk|1
|move|p2a: Landorus|U-turn|p1a: Landorus
|-resisted|p1a: Landorus
|-damage|p1a: Landorus|81/100
|inactive|tenderman69 has 90 seconds left.
|
|t:|1685927726
|switch|p2a: Tauros|Tauros-Paldea-Aqua, M|100/100|[from] U-turn
|-damage|p2a: Tauros|94/100|[from] Stealth Rock
|-ability|p2a: Tauros|Intimidate|boost
|-unboost|p1a: Landorus|atk|1
|
|-heal|p2a: Tauros|100/100|[from] item: Leftovers
|-heal|p1a: Landorus|87/100|[from] item: Leftovers
|upkeep
|turn|8
|
|t:|1685927738
|switch|p1a: Garganacl|Garganacl, F, tera:Water|100/100
|-damage|p1a: Garganacl|88/100|[from] Stealth Rock
|move|p2a: Tauros|Raging Bull|p1a: Garganacl
|-resisted|p1a: Garganacl
|-damage|p1a: Garganacl|79/100
|
|-heal|p1a: Garganacl|85/100|[from] item: Leftovers
|upkeep
|turn|9
|inactive|tenderman69 has 90 seconds left.
|
|t:|1685927767
|switch|p2a: Corviknight|Corviknight, F|80/100
|-damage|p2a: Corviknight|67/100|[from] Stealth Rock
|-ability|p2a: Corviknight|Pressure
|move|p1a: Garganacl|Salt Cure|p2a: Corviknight
|-damage|p2a: Corviknight|59/100
|
|-heal|p1a: Garganacl|92/100|[from] item: Leftovers
|upkeep
|turn|10
|inactive|ianlazerbeem has 120 seconds left.
|inactive|ianlazerbeem has 90 seconds left.
|
|t:|1685927826
|switch|p1a: Magearna|Magearna|100/100
|-damage|p1a: Magearna|94/100|[from] Stealth Rock
|move|p2a: Corviknight|Roost|p2a: Corviknight
|-heal|p2a: Corviknight|100/100
|-singleturn|p2a: Corviknight|move: Roost
|
|-heal|p1a: Magearna|100/100|[from] item: Leftovers
|upkeep
|turn|11
|
|t:|1685927837
|move|p1a: Magearna|Spikes|p2a: Corviknight
|-sidestart|p2: tenderman69|Spikes
|move|p2a: Corviknight|U-turn|p1a: Magearna
|-resisted|p1a: Magearna
|-damage|p1a: Magearna|98/100
|inactive|tenderman69 has 90 seconds left.
|
|t:|1685927849
|switch|p2a: Landorus|Landorus-Therian, M|88/100|[from] U-turn
|-damage|p2a: Landorus|75/100|[from] Stealth Rock
|-ability|p2a: Landorus|Intimidate|boost
|-unboost|p1a: Magearna|atk|1
|
|-heal|p1a: Magearna|100/100|[from] item: Leftovers
|upkeep
|turn|12
|inactive|ianlazerbeem has 90 seconds left.
|inactive|tenderman69 has 90 seconds left.
|
|t:|1685927868
|switch|p1a: Garganacl|Garganacl, F, tera:Water|92/100
|-damage|p1a: Garganacl|79/100|[from] Stealth Rock
|move|p2a: Landorus|Stone Edge|p1a: Garganacl|[miss]
|-miss|p2a: Landorus|p1a: Garganacl
|
|-heal|p1a: Garganacl|85/100|[from] item: Leftovers
|upkeep
|turn|13
|inactive|tenderman69 has 90 seconds left.
|
|t:|1685927879
|switch|p2a: Corviknight|Corviknight, F|100/100
|-damage|p2a: Corviknight|88/100|[from] Stealth Rock
|-ability|p2a: Corviknight|Pressure
|move|p1a: Garganacl|Salt Cure|p2a: Corviknight
|-damage|p2a: Corviknight|80/100
|
|-heal|p1a: Garganacl|92/100|[from] item: Leftovers
|upkeep
|turn|14
|
|t:|1685927891
|switch|p1a: Gholdengo|Gholdengo|92/100
|-damage|p1a: Gholdengo|86/100|[from] Stealth Rock
|move|p2a: Corviknight|U-turn|p1a: Gholdengo
|-resisted|p1a: Gholdengo
|-damage|p1a: Gholdengo|84/100
|inactive|tenderman69 has 90 seconds left.
|inactive|tenderman69 has 60 seconds left.
|
|t:|1685927958
|switch|p2a: Dragapult|Dragapult, F|100/100|[from] U-turn
|-damage|p2a: Dragapult|88/100|[from] Stealth Rock
|-damage|p2a: Dragapult|76/100|[from] Spikes
|
|upkeep
|turn|15
|inactive|ianlazerbeem has 90 seconds left.
|
|t:|1685927969
|switch|p1a: Garganacl|Garganacl, F, tera:Water|92/100
|-damage|p1a: Garganacl|79/100|[from] Stealth Rock
|move|p2a: Dragapult|Draco Meteor|p1a: Garganacl
|-damage|p1a: Garganacl|12/100
|-unboost|p2a: Dragapult|spa|2
|
|-heal|p1a: Garganacl|18/100|[from] item: Leftovers
|upkeep
|turn|16
|inactive|ianlazerbeem has 90 seconds left.
|
|t:|1685927982
|switch|p1a: Magearna|Magearna|100/100
|-damage|p1a: Magearna|94/100|[from] Stealth Rock
|move|p2a: Dragapult|Draco Meteor|p1a: Magearna
|-immune|p1a: Magearna
|
|-heal|p1a: Magearna|100/100|[from] item: Leftovers
|upkeep
|turn|17
|inactive|ianlazerbeem has 90 seconds left.
|
|t:|1685927992
|switch|p2a: Clodsire|Clodsire, M|100/100
|-damage|p2a: Clodsire|94/100|[from] Stealth Rock
|-damage|p2a: Clodsire|82/100|[from] Spikes
|move|p1a: Magearna|Spikes|p2a: Clodsire
|-sidestart|p2: tenderman69|Spikes
|
|-heal|p2a: Clodsire|88/100|[from] item: Leftovers
|upkeep
|turn|18
|inactive|ianlazerbeem has 90 seconds left.
|
|t:|1685928005
|switch|p1a: Garganacl|Garganacl, F, tera:Water|18/100
|-damage|p1a: Garganacl|6/100|[from] Stealth Rock
|move|p2a: Clodsire|Earthquake|p1a: Garganacl
|-damage|p1a: Garganacl|0 fnt
|faint|p1a: Garganacl
|
|-heal|p2a: Clodsire|94/100|[from] item: Leftovers
|upkeep
|inactive|ianlazerbeem has 90 seconds left.
|
|t:|1685928016
|switch|p1a: Landorus|Landorus-Therian, M|87/100
|-damage|p1a: Landorus|75/100|[from] Stealth Rock
|-ability|p1a: Landorus|Intimidate|boost
|-unboost|p2a: Clodsire|atk|1
|turn|19
|inactive|ianlazerbeem has 90 seconds left.
|inactive|tenderman69 has 60 seconds left.
|
|t:|1685928027
|switch|p2a: Enamorus|Enamorus, F|100/100
|move|p1a: Landorus|U-turn|p2a: Enamorus
|-resisted|p2a: Enamorus
|-damage|p2a: Enamorus|92/100
|inactive|ianlazerbeem has 90 seconds left.
|
|t:|1685928042
|switch|p1a: Magearna|Magearna|100/100|[from] U-turn
|-damage|p1a: Magearna|94/100|[from] Stealth Rock
|
|-heal|p1a: Magearna|100/100|[from] item: Leftovers
|upkeep
|turn|20
|inactive|tenderman69 has 60 seconds left.
|
|t:|1685928054
|move|p2a: Enamorus|Calm Mind|p2a: Enamorus
|-boost|p2a: Enamorus|spa|1
|-boost|p2a: Enamorus|spd|1
|move|p1a: Magearna|Spikes|p2a: Enamorus
|-sidestart|p2: tenderman69|Spikes
|
|upkeep
|turn|21
|inactive|ianlazerbeem has 90 seconds left.
|inactive|tenderman69 has 60 seconds left.
|
|t:|1685928068
|move|p2a: Enamorus|Earth Power|p1a: Magearna
|-supereffective|p1a: Magearna
|-damage|p1a: Magearna|16/100
|-unboost|p1a: Magearna|spd|1
|move|p1a: Magearna|Volt Switch|p2a: Enamorus
|-supereffective|p2a: Enamorus
|-damage|p2a: Enamorus|44/100
|inactive|ianlazerbeem has 90 seconds left.
|
|t:|1685928082
|switch|p1a: Urshifu|Urshifu-Rapid-Strike, F|100/100|[from] Volt Switch
|-damage|p1a: Urshifu|94/100|[from] Stealth Rock
|
|upkeep
|turn|22
|inactive|ianlazerbeem has 90 seconds left.
|
|t:|1685928088
|move|p1a: Urshifu|Aqua Jet|p2a: Enamorus
|-damage|p2a: Enamorus|0 fnt
|faint|p2a: Enamorus
|
|upkeep
|
|t:|1685928099
|switch|p2a: Tauros|Tauros-Paldea-Aqua, M|100/100
|-damage|p2a: Tauros|94/100|[from] Stealth Rock
|-damage|p2a: Tauros|69/100|[from] Spikes
|-ability|p2a: Tauros|Intimidate|boost
|-unboost|p1a: Urshifu|atk|1
|turn|23
|
|t:|1685928114
|switch|p1a: Gholdengo|Gholdengo|84/100
|-damage|p1a: Gholdengo|78/100|[from] Stealth Rock
|move|p2a: Tauros|Bulk Up|p2a: Tauros
|-boost|p2a: Tauros|atk|1
|-boost|p2a: Tauros|def|1
|
|-heal|p2a: Tauros|76/100|[from] item: Leftovers
|upkeep
|turn|24
|
|t:|1685928125
|move|p2a: Tauros|Raging Bull|p1a: Gholdengo
|-damage|p1a: Gholdengo|41/100
|move|p1a: Gholdengo|Thunder Wave|p2a: Tauros
|-status|p2a: Tauros|par
|
|-heal|p2a: Tauros|82/100 par|[from] item: Leftovers
|upkeep
|turn|25
|
|t:|1685928134
|move|p1a: Gholdengo|Recover|p1a: Gholdengo
|-heal|p1a: Gholdengo|91/100
|move|p2a: Tauros|Raging Bull|p1a: Gholdengo
|-damage|p1a: Gholdengo|58/100
|
|-heal|p2a: Tauros|88/100 par|[from] item: Leftovers
|upkeep
|turn|26
|inactive|tenderman69 has 90 seconds left.
|
|t:|1685928150
|switch|p2a: Landorus|Landorus-Therian, M|75/100
|-damage|p2a: Landorus|63/100|[from] Stealth Rock
|-ability|p2a: Landorus|Intimidate|boost
|-unboost|p1a: Gholdengo|atk|1
|move|p1a: Gholdengo|Nasty Plot|p1a: Gholdengo
|-boost|p1a: Gholdengo|spa|2
|
|upkeep
|turn|27
|inactive|tenderman69 has 90 seconds left.
|
|t:|1685928162
|switch|p1a: Landorus|Landorus-Therian, M|75/100
|-damage|p1a: Landorus|63/100|[from] Stealth Rock
|-ability|p1a: Landorus|Intimidate|boost
|-unboost|p2a: Landorus|atk|1
|move|p2a: Landorus|Earthquake|p1a: Landorus
|-immune|p1a: Landorus
|
|-heal|p1a: Landorus|69/100|[from] item: Leftovers
|upkeep
|turn|28
|
|t:|1685928175
|switch|p2a: Corviknight|Corviknight, F|80/100
|-damage|p2a: Corviknight|67/100|[from] Stealth Rock
|-ability|p2a: Corviknight|Pressure
|move|p1a: Landorus|U-turn|p2a: Corviknight
|-resisted|p2a: Corviknight
|-damage|p2a: Corviknight|64/100
|
|t:|1685928184
|switch|p1a: Volcarona|Volcarona, M|100/100|[from] U-turn
|
|upkeep
|turn|29
|
|t:|1685928202
|move|p1a: Volcarona|Will-O-Wisp|p2a: Corviknight
|-status|p2a: Corviknight|brn
|move|p2a: Corviknight|Defog|p1a: Volcarona
|-unboost|p1a: Volcarona|evasion|1
|-sideend|p1: ianlazerbeem|Stealth Rock|[from] move: Defog|[of] p2a: Corviknight
|-sideend|p2: tenderman69|Spikes|[from] move: Defog|[of] p2a: Corviknight
|-sideend|p2: tenderman69|Stealth Rock|[from] move: Defog|[of] p2a: Corviknight
|
|-damage|p2a: Corviknight|57/100 brn|[from] brn
|upkeep
|turn|30
|
|t:|1685928221
|switch|p1a: Magearna|Magearna|16/100
|switch|p2a: Clodsire|Clodsire, M|94/100
|
|-heal|p1a: Magearna|22/100|[from] item: Leftovers
|-heal|p2a: Clodsire|100/100|[from] item: Leftovers
|upkeep
|turn|31
|
|t:|1685928230
|move|p1a: Magearna|Pain Split|p2a: Clodsire
|-sethp|p2a: Clodsire|59/100|[from] move: Pain Split|[silent]
|-sethp|p1a: Magearna|75/100|[from] move: Pain Split
|move|p2a: Clodsire|Earthquake|p1a: Magearna
|-supereffective|p1a: Magearna
|-damage|p1a: Magearna|35/100
|
|-heal|p1a: Magearna|41/100|[from] item: Leftovers
|-heal|p2a: Clodsire|65/100|[from] item: Leftovers
|upkeep
|turn|32
|inactive|tenderman69 has 90 seconds left.
|
|t:|1685928283
|switch|p1a: Landorus|Landorus-Therian, M|69/100
|-ability|p1a: Landorus|Intimidate|boost
|-unboost|p2a: Clodsire|atk|1
|move|p2a: Clodsire|Earthquake|p1a: Landorus
|-immune|p1a: Landorus
|
|-heal|p1a: Landorus|75/100|[from] item: Leftovers
|-heal|p2a: Clodsire|71/100|[from] item: Leftovers
|upkeep
|turn|33
|
|t:|1685928300
|switch|p1a: Gholdengo|Gholdengo|58/100
|switch|p2a: Landorus|Landorus-Therian, M|63/100
|-ability|p2a: Landorus|Intimidate|boost
|-unboost|p1a: Gholdengo|atk|1
|
|upkeep
|turn|34
|
|t:|1685928310
|switch|p1a: Landorus|Landorus-Therian, M|75/100
|-ability|p1a: Landorus|Intimidate|boost
|-unboost|p2a: Landorus|atk|1
|move|p2a: Landorus|Stone Edge|p1a: Landorus
|-damage|p1a: Landorus|56/100
|
|-heal|p1a: Landorus|62/100|[from] item: Leftovers
|upkeep
|turn|35
|inactive|tenderman69 has 90 seconds left.
|
|t:|1685928323
|switch|p2a: Corviknight|Corviknight, F|57/100 brn
|-ability|p2a: Corviknight|Pressure
|move|p1a: Landorus|Stealth Rock|p2a: Corviknight
|-sidestart|p2: tenderman69|move: Stealth Rock
|
|-heal|p1a: Landorus|68/100|[from] item: Leftovers
|-damage|p2a: Corviknight|51/100 brn|[from] brn
|upkeep
|turn|36
|
|t:|1685928333
|switch|p1a: Gholdengo|Gholdengo|58/100
|move|p2a: Corviknight|U-turn|p1a: Gholdengo
|-resisted|p1a: Gholdengo
|-damage|p1a: Gholdengo|57/100
|
|t:|1685928342
|switch|p2a: Dragapult|Dragapult, F|76/100|[from] U-turn
|-damage|p2a: Dragapult|64/100|[from] Stealth Rock
|
|upkeep
|turn|37
|
|t:|1685928356
|switch|p1a: Magearna|Magearna|41/100
|move|p2a: Dragapult|Shadow Ball|p1a: Magearna
|-crit|p1a: Magearna
|-damage|p1a: Magearna|0 fnt
|faint|p1a: Magearna
|
|upkeep
|
|t:|1685928374
|switch|p1a: Landorus|Landorus-Therian, M|68/100
|-ability|p1a: Landorus|Intimidate|boost
|-unboost|p2a: Dragapult|atk|1
|turn|38
|inactive|tenderman69 has 90 seconds left.
|
|t:|1685928401
|switch|p2a: Landorus|Landorus-Therian, M|63/100
|-damage|p2a: Landorus|50/100|[from] Stealth Rock
|-ability|p2a: Landorus|Intimidate|boost
|-unboost|p1a: Landorus|atk|1
|move|p1a: Landorus|Earthquake|p2a: Landorus
|-immune|p2a: Landorus
|
|-heal|p1a: Landorus|74/100|[from] item: Leftovers
|upkeep
|turn|39
|inactive|tenderman69 has 90 seconds left.
|
|t:|1685928413
|move|p2a: Landorus|Stone Edge|p1a: Landorus|[miss]
|-miss|p2a: Landorus|p1a: Landorus
|move|p1a: Landorus|U-turn|p2a: Landorus
|-resisted|p2a: Landorus
|-damage|p2a: Landorus|41/100
|
|t:|1685928420
|switch|p1a: Urshifu|Urshifu-Rapid-Strike, F|94/100|[from] U-turn
|
|upkeep
|turn|40
|
|t:|1685928425
|move|p2a: Landorus|Stone Edge|p1a: Urshifu
|-resisted|p1a: Urshifu
|-damage|p1a: Urshifu|76/100
|move|p1a: Urshifu|Surging Strikes|p2a: Landorus
|-supereffective|p2a: Landorus
|-crit|p2a: Landorus
|-damage|p2a: Landorus|0 fnt
|faint|p2a: Landorus
|-hitcount|p2: Landorus|1
|
|upkeep
|
|t:|1685928435
|switch|p2a: Dragapult|Dragapult, F|64/100
|-damage|p2a: Dragapult|51/100|[from] Stealth Rock
|turn|41
|
|t:|1685928441
|move|p2a: Dragapult|Shadow Ball|p1a: Urshifu
|-damage|p1a: Urshifu|1/100
|-unboost|p1a: Urshifu|spd|1
|move|p1a: Urshifu|Surging Strikes|p2a: Dragapult
|-resisted|p2a: Dragapult
|-crit|p2a: Dragapult
|-damage|p2a: Dragapult|31/100
|-resisted|p2a: Dragapult
|-crit|p2a: Dragapult
|-damage|p2a: Dragapult|12/100
|-resisted|p2a: Dragapult
|-crit|p2a: Dragapult
|-damage|p2a: Dragapult|0 fnt
|faint|p2a: Dragapult
|-hitcount|p2: Dragapult|3
|
|upkeep
|inactive|tenderman69 has 90 seconds left.
|
|t:|1685928457
|switch|p2a: Tauros|Tauros-Paldea-Aqua, M|88/100 par
|-damage|p2a: Tauros|82/100 par|[from] Stealth Rock
|-ability|p2a: Tauros|Intimidate|boost
|-unboost|p1a: Urshifu|atk|1
|turn|42
|
|t:|1685928464
|move|p1a: Urshifu|Surging Strikes|p2a: Tauros
|-resisted|p2a: Tauros
|-crit|p2a: Tauros
|-damage|p2a: Tauros|72/100 par
|-resisted|p2a: Tauros
|-crit|p2a: Tauros
|-damage|p2a: Tauros|62/100 par
|-resisted|p2a: Tauros
|-crit|p2a: Tauros
|-damage|p2a: Tauros|52/100 par
|-hitcount|p2a: Tauros|3
|move|p2a: Tauros|Bulk Up|p2a: Tauros
|-boost|p2a: Tauros|atk|1
|-boost|p2a: Tauros|def|1
|
|-heal|p2a: Tauros|58/100 par|[from] item: Leftovers
|upkeep
|turn|43
|
|t:|1685928478
|move|p1a: Urshifu|Surging Strikes|p2a: Tauros
|-resisted|p2a: Tauros
|-crit|p2a: Tauros
|-damage|p2a: Tauros|48/100 par
|-resisted|p2a: Tauros
|-crit|p2a: Tauros
|-damage|p2a: Tauros|38/100 par
|-resisted|p2a: Tauros
|-crit|p2a: Tauros
|-damage|p2a: Tauros|28/100 par
|-hitcount|p2a: Tauros|3
|move|p2a: Tauros|Bulk Up|p2a: Tauros
|-boost|p2a: Tauros|atk|1
|-boost|p2a: Tauros|def|1
|
|-heal|p2a: Tauros|34/100 par|[from] item: Leftovers
|upkeep
|turn|44
|
|t:|1685928492
|cant|p2a: Tauros|par
|move|p1a: Urshifu|Surging Strikes|p2a: Tauros
|-resisted|p2a: Tauros
|-crit|p2a: Tauros
|-damage|p2a: Tauros|24/100 par
|-resisted|p2a: Tauros
|-crit|p2a: Tauros
|-damage|p2a: Tauros|14/100 par
|-resisted|p2a: Tauros
|-crit|p2a: Tauros
|-damage|p2a: Tauros|3/100 par
|-hitcount|p2a: Tauros|3
|
|-heal|p2a: Tauros|9/100 par|[from] item: Leftovers
|upkeep
|turn|45
|
|t:|1685928504
|move|p2a: Tauros|Aqua Jet|p1a: Urshifu
|-resisted|p1a: Urshifu
|-damage|p1a: Urshifu|0 fnt
|faint|p1a: Urshifu
|
|-heal|p2a: Tauros|15/100 par|[from] item: Leftovers
|upkeep
|
|t:|1685928512
|switch|p1a: Gholdengo|Gholdengo|57/100
|turn|46
|
|t:|1685928523
|move|p2a: Tauros|Aqua Jet|p1a: Gholdengo
|-damage|p1a: Gholdengo|37/100
|move|p1a: Gholdengo|Recover|p1a: Gholdengo
|-heal|p1a: Gholdengo|87/100
|
|-heal|p2a: Tauros|22/100 par|[from] item: Leftovers
|upkeep
|turn|47
|
|t:|1685928532
|move|p1a: Gholdengo|Hex|p2a: Tauros
|-damage|p2a: Tauros|0 fnt
|faint|p2a: Tauros
|
|upkeep
|
|t:|1685928536
|switch|p2a: Clodsire|Clodsire, M|71/100
|-damage|p2a: Clodsire|65/100|[from] Stealth Rock
|turn|48
|
|t:|1685928541
|switch|p1a: Landorus|Landorus-Therian, M|74/100
|-ability|p1a: Landorus|Intimidate|boost
|-unboost|p2a: Clodsire|atk|1
|move|p2a: Clodsire|Toxic|p1a: Landorus
|-status|p1a: Landorus|tox
|
|-heal|p1a: Landorus|80/100 tox|[from] item: Leftovers
|-heal|p2a: Clodsire|71/100|[from] item: Leftovers
|-damage|p1a: Landorus|74/100 tox|[from] psn
|upkeep
|turn|49
|
|t:|1685928554
|switch|p2a: Corviknight|Corviknight, F|51/100 brn
|-damage|p2a: Corviknight|39/100 brn|[from] Stealth Rock
|-ability|p2a: Corviknight|Pressure
|move|p1a: Landorus|Taunt|p2a: Corviknight
|-start|p2a: Corviknight|move: Taunt
|
|-heal|p1a: Landorus|80/100 tox|[from] item: Leftovers
|-damage|p1a: Landorus|68/100 tox|[from] psn
|-damage|p2a: Corviknight|32/100 brn|[from] brn
|upkeep
|turn|50
|
|t:|1685928569
|switch|p1a: Volcarona|Volcarona, M|100/100
|move|p2a: Corviknight|Body Press|p1a: Volcarona
|-resisted|p1a: Volcarona
|-damage|p1a: Volcarona|93/100
|
|-damage|p2a: Corviknight|26/100 brn|[from] brn
|upkeep
|turn|51
|
|t:|1685928581
|move|p1a: Volcarona|Will-O-Wisp|p2a: Corviknight
|-fail|p2a: Corviknight|brn
|move|p2a: Corviknight|U-turn|p1a: Volcarona
|-resisted|p1a: Volcarona
|-damage|p1a: Volcarona|89/100
|
|t:|1685928584
|switch|p2a: Clodsire|Clodsire, M|71/100|[from] U-turn
|-damage|p2a: Clodsire|65/100|[from] Stealth Rock
|
|-heal|p2a: Clodsire|71/100|[from] item: Leftovers
|upkeep
|turn|52
|
|t:|1685928598
|move|p1a: Volcarona|Will-O-Wisp|p2a: Clodsire|[miss]
|-miss|p1a: Volcarona|p2a: Clodsire
|move|p2a: Clodsire|Stealth Rock|p1a: Volcarona
|-sidestart|p1: ianlazerbeem|move: Stealth Rock
|
|-heal|p2a: Clodsire|78/100|[from] item: Leftovers
|upkeep
|turn|53
|
|t:|1685928606
|switch|p2a: Corviknight|Corviknight, F|26/100 brn
|-damage|p2a: Corviknight|14/100 brn|[from] Stealth Rock
|-ability|p2a: Corviknight|Pressure
|move|p1a: Volcarona|Will-O-Wisp|p2a: Corviknight
|-fail|p2a: Corviknight|brn
|
|-damage|p2a: Corviknight|8/100 brn|[from] brn
|upkeep
|turn|54
|
|t:|1685928619
|move|p1a: Volcarona|Fiery Dance|p2a: Corviknight
|-supereffective|p2a: Corviknight
|-damage|p2a: Corviknight|0 fnt
|-boost|p1a: Volcarona|spa|1
|faint|p2a: Corviknight
|
|upkeep
|
|t:|1685928622
|switch|p2a: Clodsire|Clodsire, M|78/100
|-damage|p2a: Clodsire|71/100|[from] Stealth Rock
|turn|55
|
|t:|1685928638
|move|p1a: Volcarona|Will-O-Wisp|p2a: Clodsire
|-status|p2a: Clodsire|brn
|move|p2a: Clodsire|Toxic|p1a: Volcarona
|-status|p1a: Volcarona|tox
|
|-heal|p2a: Clodsire|78/100 brn|[from] item: Leftovers
|-damage|p1a: Volcarona|83/100 tox|[from] psn
|-damage|p2a: Clodsire|71/100 brn|[from] brn
|upkeep
|turn|56
|
|t:|1685928658
|switch|p1a: Landorus|Landorus-Therian, M|68/100 tox
|-damage|p1a: Landorus|56/100 tox|[from] Stealth Rock
|-ability|p1a: Landorus|Intimidate|boost
|-unboost|p2a: Clodsire|atk|1
|move|p2a: Clodsire|Recover|p2a: Clodsire
|-heal|p2a: Clodsire|100/100 brn
|
|-heal|p1a: Landorus|62/100 tox|[from] item: Leftovers
|-damage|p1a: Landorus|56/100 tox|[from] psn
|-damage|p2a: Clodsire|94/100 brn|[from] brn
|upkeep
|turn|57
|
|t:|1685928671
|-terastallize|p2a: Clodsire|Dark
|move|p1a: Landorus|Taunt|p2a: Clodsire
|-start|p2a: Clodsire|move: Taunt
|cant|p2a: Clodsire|move: Taunt|Recover
|
|-heal|p1a: Landorus|62/100 tox|[from] item: Leftovers
|-heal|p2a: Clodsire|100/100 brn|[from] item: Leftovers
|-damage|p1a: Landorus|50/100 tox|[from] psn
|-damage|p2a: Clodsire|94/100 brn|[from] brn
|upkeep
|turn|58
|
|t:|1685928685
|move|p1a: Landorus|U-turn|p2a: Clodsire
|-supereffective|p2a: Clodsire
|-damage|p2a: Clodsire|47/100 brn
|
|t:|1685928688
|switch|p1a: Volcarona|Volcarona, M|83/100 tox|[from] U-turn
|move|p2a: Clodsire|Earthquake|p1a: Volcarona
|-damage|p1a: Volcarona|73/100 tox
|
|-heal|p2a: Clodsire|54/100 brn|[from] item: Leftovers
|-damage|p1a: Volcarona|67/100 tox|[from] psn
|-damage|p2a: Clodsire|47/100 brn|[from] brn
|upkeep
|turn|59
|
|t:|1685928700
|move|p1a: Volcarona|Fiery Dance|p2a: Clodsire
|-damage|p2a: Clodsire|29/100 brn
|-boost|p1a: Volcarona|spa|1
|move|p2a: Clodsire|Earthquake|p1a: Volcarona
|-crit|p1a: Volcarona
|-damage|p1a: Volcarona|44/100 tox
|
|-heal|p2a: Clodsire|35/100 brn|[from] item: Leftovers
|-damage|p1a: Volcarona|32/100 tox|[from] psn
|-damage|p2a: Clodsire|29/100 brn|[from] brn
|-end|p2a: Clodsire|move: Taunt
|upkeep
|turn|60
|
|t:|1685928713
|move|p1a: Volcarona|Morning Sun|p1a: Volcarona
|-heal|p1a: Volcarona|81/100 tox
|move|p2a: Clodsire|Recover|p2a: Clodsire
|-heal|p2a: Clodsire|79/100 brn
|
|-heal|p2a: Clodsire|85/100 brn|[from] item: Leftovers
|-damage|p1a: Volcarona|63/100 tox|[from] psn
|-damage|p2a: Clodsire|79/100 brn|[from] brn
|upkeep
|turn|61
|
|t:|1685928725
|switch|p1a: Landorus|Landorus-Therian, M|50/100 tox
|-damage|p1a: Landorus|37/100 tox|[from] Stealth Rock
|-ability|p1a: Landorus|Intimidate|boost
|-unboost|p2a: Clodsire|atk|1
|move|p2a: Clodsire|Recover|p2a: Clodsire
|-heal|p2a: Clodsire|100/100 brn
|
|-heal|p1a: Landorus|43/100 tox|[from] item: Leftovers
|-damage|p1a: Landorus|37/100 tox|[from] psn
|-damage|p2a: Clodsire|94/100 brn|[from] brn
|upkeep
|turn|62
|
|t:|1685928740
|move|p1a: Landorus|Taunt|p2a: Clodsire
|-start|p2a: Clodsire|move: Taunt
|cant|p2a: Clodsire|move: Taunt|Recover
|
|-heal|p1a: Landorus|43/100 tox|[from] item: Leftovers
|-heal|p2a: Clodsire|100/100 brn|[from] item: Leftovers
|-damage|p1a: Landorus|31/100 tox|[from] psn
|-damage|p2a: Clodsire|94/100 brn|[from] brn
|upkeep
|turn|63
|
|t:|1685928751
|move|p1a: Landorus|Earthquake|p2a: Clodsire
|-damage|p2a: Clodsire|46/100 brn
|move|p2a: Clodsire|Earthquake|p1a: Landorus
|-immune|p1a: Landorus
|
|-heal|p1a: Landorus|37/100 tox|[from] item: Leftovers
|-heal|p2a: Clodsire|52/100 brn|[from] item: Leftovers
|-damage|p1a: Landorus|19/100 tox|[from] psn
|-damage|p2a: Clodsire|46/100 brn|[from] brn
|upkeep
|turn|64
|
|t:|1685928763
|move|p1a: Landorus|Earthquake|p2a: Clodsire
|-damage|p2a: Clodsire|0 fnt
|faint|p2a: Clodsire
|
|win|ianlazerbeem
|raw|ianlazerbeem's rating: 1362 → 1385(+23 for winning)
|raw|tenderman69's rating: 1423 → 1400(-23 for losing)
