|j|☆Marimaxx
|j|☆wax rig
|t:|1685885850
|gametype|singles
|player|p1|Marimaxx|265|1094
|player|p2|wax rig|101|1000
|teamsize|p1|6
|teamsize|p2|6
|gen|9
|tier|[Gen 9] OU
|rated|
|rule|Sleep Clause Mod: Limit one foe put to sleep
|rule|Species Clause: Limit one of each Pokémon
|rule|OHKO Clause: OHKO moves are banned
|rule|Evasion Items Clause: Evasion items are banned
|rule|Evasion Moves Clause: Evasion moves are banned
|rule|Endless Battle Clause: Forcing endless battles is banned
|rule|HP Percentage Mod: HP is shown in percentages
|clearpoke
|poke|p1|Great Tusk|
|poke|p1|Enamorus, F|
|poke|p1|Urshifu-*, M|
|poke|p1|Dragapult, F|
|poke|p1|Corviknight, M|
|poke|p1|Chien-Pao|
|poke|p2|Basculegion, M|
|poke|p2|Clodsire, M|
|poke|p2|Corviknight, F|
|poke|p2|Magearna|
|poke|p2|Chien-Pao|
|poke|p2|Cinderace, F|
|teampreview
|
|t:|1685885869
|start
|switch|p1a: Urshifu|Urshifu-Rapid-Strike, M|100/100
|switch|p2a: Basculegion|Basculegion, M|100/100
|turn|1
|
|t:|1685885908
|move|p2a: Basculegion|Liquidation|p1a: Urshifu
|-resisted|p1a: Urshifu
|-damage|p1a: Urshifu|70/100
|move|p1a: Urshifu|Swords Dance|p1a: Urshifu
|-boost|p1a: Urshifu|atk|2
|
|upkeep
|turn|2
|
|t:|1685885919
|switch|p2a: Clodsire|Clodsire, M|100/100
|move|p1a: Urshifu|Surging Strikes|p2a: Clodsire
|-immune|p2a: Clodsire|[from] ability: Water Absorb
|
|upkeep
|turn|3
|
|t:|1685885934
|switch|p1a: Great Tusk|Great Tusk|100/100
|move|p2a: Clodsire|Toxic|p1a: Great Tusk
|-status|p1a: Great Tusk|tox
|
|-damage|p1a: Great Tusk|94/100 tox|[from] psn
|upkeep
|turn|4
|
|t:|1685885943
|switch|p2a: Corviknight|Corviknight, F|100/100
|-ability|p2a: Corviknight|Pressure
|move|p1a: Great Tusk|Knock Off|p2a: Corviknight
|-damage|p2a: Corviknight|80/100
|-damage|p1a: Great Tusk|78/100 tox|[from] item: Rocky Helmet|[of] p2a: Corviknight
|-enditem|p2a: Corviknight|Rocky Helmet|[from] move: Knock Off|[of] p1a: Great Tusk
|
|-heal|p1a: Great Tusk|84/100 tox|[from] item: Leftovers
|-damage|p1a: Great Tusk|72/100 tox|[from] psn
|upkeep
|turn|5
|inactive|Battle timer is ON: inactive players will automatically lose when time's up. (requested by wax rig)
|
|t:|1685885962
|-end|p1a: Great Tusk|Protosynthesis|[silent]
|switch|p1a: Enamorus|Enamorus, F|100/100
|move|p2a: Corviknight|Brave Bird|p1a: Enamorus
|-damage|p1a: Enamorus|42/100
|-damage|p2a: Corviknight|66/100|[from] Recoil
|
|-heal|p1a: Enamorus|48/100|[from] item: Leftovers
|upkeep
|turn|6
|
|t:|1685885990
|switch|p2a: Cinderace|Cinderace, F|100/100
|move|p1a: Enamorus|Superpower|p2a: Cinderace
|-damage|p2a: Cinderace|41/100
|-boost|p1a: Enamorus|atk|1
|-boost|p1a: Enamorus|def|1
|
|-heal|p1a: Enamorus|54/100|[from] item: Leftovers
|upkeep
|turn|7
|
|t:|1685886001
|move|p2a: Cinderace|U-turn|p1a: Enamorus
|-start|p2a: Cinderace|typechange|Bug|[from] ability: Libero
|-resisted|p1a: Enamorus
|-damage|p1a: Enamorus|45/100
|
|t:|1685886005
|switch|p2a: Basculegion|Basculegion, M|100/100|[from] U-turn
|move|p1a: Enamorus|Superpower|p2a: Basculegion
|-immune|p2a: Basculegion
|
|-heal|p1a: Enamorus|52/100|[from] item: Leftovers
|upkeep
|turn|8
|
|t:|1685886013
|-terastallize|p2a: Basculegion|Water
|move|p2a: Basculegion|Liquidation|p1a: Enamorus
|-damage|p1a: Enamorus|0 fnt
|faint|p1a: Enamorus
|
|upkeep
|
|t:|1685886018
|switch|p1a: Dragapult|Dragapult, F|100/100
|turn|9
|inactive|wax rig has 120 seconds left.
|
|t:|1685886051
|switch|p2a: Magearna|Magearna|100/100
|move|p1a: Dragapult|Shadow Ball|p2a: Magearna
|-damage|p2a: Magearna|70/100
|-unboost|p2a: Magearna|spd|1
|
|upkeep
|turn|10
|
|t:|1685886063
|move|p1a: Dragapult|Shadow Ball|p2a: Magearna
|-damage|p2a: Magearna|23/100
|move|p2a: Magearna|Volt Switch|p1a: Dragapult
|-resisted|p1a: Dragapult
|-damage|p1a: Dragapult|81/100
|
|t:|1685886069
|switch|p2a: Chien-Pao|Chien-Pao|100/100|[from] Volt Switch
|-ability|p2a: Chien-Pao|Sword of Ruin
|
|upkeep
|turn|11
|
|t:|1685886077
|switch|p1a: Corviknight|Corviknight, M|100/100
|-ability|p1a: Corviknight|Pressure
|move|p2a: Chien-Pao|Swords Dance|p2a: Chien-Pao
|-boost|p2a: Chien-Pao|atk|2
|
|upkeep
|turn|12
|
|t:|1685886088
|move|p2a: Chien-Pao|Ice Spinner|p1a: Corviknight
|-damage|p1a: Corviknight|43/100
|move|p1a: Corviknight|Body Press|p2a: Chien-Pao
|-supereffective|p2a: Chien-Pao
|-damage|p2a: Chien-Pao|0 fnt
|faint|p2a: Chien-Pao
|
|-heal|p1a: Corviknight|49/100|[from] item: Leftovers
|upkeep
|
|t:|1685886097
|switch|p2a: Cinderace|Cinderace, F|41/100
|turn|13
|
|t:|1685886101
|switch|p1a: Great Tusk|Great Tusk|72/100 tox
|move|p2a: Cinderace|Pyro Ball|p1a: Great Tusk
|-damage|p1a: Great Tusk|32/100 tox
|
|-heal|p1a: Great Tusk|38/100 tox|[from] item: Leftovers
|-damage|p1a: Great Tusk|32/100 tox|[from] psn
|upkeep
|turn|14
|
|t:|1685886112
|move|p2a: Cinderace|Pyro Ball|p1a: Great Tusk
|-damage|p1a: Great Tusk|0 fnt
|faint|p1a: Great Tusk
|-end|p1a: Great Tusk|Protosynthesis|[silent]
|
|upkeep
|
|t:|1685886118
|switch|p1a: Urshifu|Urshifu-Rapid-Strike, M|70/100
|turn|15
|
|t:|1685886128
|move|p2a: Cinderace|High Jump Kick|p1a: Urshifu
|-start|p2a: Cinderace|typechange|Fighting|[from] ability: Libero
|-damage|p1a: Urshifu|2/100
|move|p1a: Urshifu|Close Combat|p2a: Cinderace
|-damage|p2a: Cinderace|0 fnt
|-unboost|p1a: Urshifu|def|1
|-unboost|p1a: Urshifu|spd|1
|faint|p2a: Cinderace
|
|upkeep
|
|t:|1685886142
|switch|p2a: Basculegion|Basculegion, M, tera:Water|100/100
|turn|16
|
|t:|1685886152
|switch|p1a: Corviknight|Corviknight, M|49/100
|-ability|p1a: Corviknight|Pressure
|move|p2a: Basculegion|Liquidation|p1a: Corviknight
|-damage|p1a: Corviknight|8/100
|-unboost|p1a: Corviknight|def|1
|
|-heal|p1a: Corviknight|14/100|[from] item: Leftovers
|upkeep
|turn|17
|
|t:|1685886162
|move|p2a: Basculegion|Liquidation|p1a: Corviknight
|-damage|p1a: Corviknight|0 fnt
|faint|p1a: Corviknight
|
|upkeep
|
|t:|1685886168
|switch|p1a: Dragapult|Dragapult, F|81/100
|turn|18
|
|t:|1685886180
|switch|p2a: Clodsire|Clodsire, M|100/100
|-terastallize|p1a: Dragapult|Ghost
|move|p1a: Dragapult|Shadow Ball|p2a: Clodsire
|-damage|p2a: Clodsire|61/100
|
|-heal|p2a: Clodsire|68/100|[from] item: Black Sludge
|upkeep
|turn|19
|
|t:|1685886188
|move|p1a: Dragapult|Shadow Ball|p2a: Clodsire
|-damage|p2a: Clodsire|29/100
|move|p2a: Clodsire|Recover|p2a: Clodsire
|-heal|p2a: Clodsire|79/100
|
|-heal|p2a: Clodsire|85/100|[from] item: Black Sludge
|upkeep
|turn|20
|
|t:|1685886197
|move|p1a: Dragapult|Shadow Ball|p2a: Clodsire
|-damage|p2a: Clodsire|46/100
|move|p2a: Clodsire|Toxic|p1a: Dragapult
|-status|p1a: Dragapult|tox
|
|-heal|p2a: Clodsire|52/100|[from] item: Black Sludge
|-damage|p1a: Dragapult|75/100 tox|[from] psn
|upkeep
|turn|21
|
|t:|1685886204
|move|p1a: Dragapult|Shadow Ball|p2a: Clodsire
|-damage|p2a: Clodsire|17/100
|move|p2a: Clodsire|Recover|p2a: Clodsire
|-heal|p2a: Clodsire|67/100
|
|-heal|p2a: Clodsire|73/100|[from] item: Black Sludge
|-damage|p1a: Dragapult|63/100 tox|[from] psn
|upkeep
|turn|22
|
|t:|1685886215
|switch|p1a: Chien-Pao|Chien-Pao|100/100
|-ability|p1a: Chien-Pao|Sword of Ruin
|move|p2a: Clodsire|Stealth Rock|p1a: Chien-Pao
|-sidestart|p1: Marimaxx|move: Stealth Rock
|
|-heal|p2a: Clodsire|79/100|[from] item: Black Sludge
|upkeep
|turn|23
|
|t:|1685886223
|switch|p2a: Magearna|Magearna|23/100
|move|p1a: Chien-Pao|Ice Spinner|p2a: Magearna
|-resisted|p2a: Magearna
|-damage|p2a: Magearna|1/100
|
|upkeep
|turn|24
|
|t:|1685886232
|move|p1a: Chien-Pao|Ice Shard|p2a: Magearna
|-resisted|p2a: Magearna
|-damage|p2a: Magearna|0 fnt
|faint|p2a: Magearna
|
|upkeep
|
|t:|1685886244
|switch|p2a: Corviknight|Corviknight, F|66/100
|-ability|p2a: Corviknight|Pressure
|turn|25
|
|t:|1685886251
|move|p1a: Chien-Pao|Ice Spinner|p2a: Corviknight
|-damage|p2a: Corviknight|34/100
|move|p2a: Corviknight|Roost|p2a: Corviknight
|-heal|p2a: Corviknight|84/100
|-singleturn|p2a: Corviknight|move: Roost
|
|upkeep
|turn|26
|
|t:|1685886257
|move|p1a: Chien-Pao|Ice Spinner|p2a: Corviknight
|-damage|p2a: Corviknight|50/100
|move|p2a: Corviknight|Body Press|p1a: Chien-Pao
|-supereffective|p1a: Chien-Pao
|-enditem|p1a: Chien-Pao|Focus Sash
|-damage|p1a: Chien-Pao|1/100
|
|upkeep
|turn|27
|
|t:|1685886265
|move|p1a: Chien-Pao|Ice Spinner|p2a: Corviknight
|-damage|p2a: Corviknight|17/100
|move|p2a: Corviknight|Body Press|p1a: Chien-Pao
|-supereffective|p1a: Chien-Pao
|-damage|p1a: Chien-Pao|0 fnt
|faint|p1a: Chien-Pao
|
|upkeep
|c|☆wax rig|gg
|
|t:|1685886273
|switch|p1a: Dragapult|Dragapult, F, tera:Ghost|63/100 tox
|-damage|p1a: Dragapult|51/100 tox|[from] Stealth Rock
|turn|28
|
|t:|1685886279
|move|p1a: Dragapult|Shadow Ball|p2a: Corviknight
|-damage|p2a: Corviknight|0 fnt
|faint|p2a: Corviknight
|
|-damage|p1a: Dragapult|45/100 tox|[from] psn
|upkeep
|
|t:|1685886281
|switch|p2a: Basculegion|Basculegion, M, tera:Water|100/100
|turn|29
|
|t:|1685886289
|move|p2a: Basculegion|Aqua Jet|p1a: Dragapult
|-damage|p1a: Dragapult|1/100 tox
|move|p1a: Dragapult|Shadow Ball|p2a: Basculegion
|-damage|p2a: Basculegion|17/100
|
|-damage|p1a: Dragapult|0 fnt|[from] psn
|faint|p1a: Dragapult
|upkeep
|
|t:|1685886297
|switch|p1a: Urshifu|Urshifu-Rapid-Strike, M|2/100
|-damage|p1a: Urshifu|0 fnt|[from] Stealth Rock
|faint|p1a: Urshifu
|
|win|wax rig
|raw|Marimaxx's rating: 1094 → 1064(-30 for losing)
|raw|wax rig's rating: 1000 → 1051(+51 for winning)
|l|☆Marimaxx
