|j|☆pppaapapap
|j|☆hotheadv
|t:|1685890960
|gametype|singles
|player|p1|pppaapapap|brycenman|1520
|player|p2|hotheadv|2|1621
|teamsize|p1|6
|teamsize|p2|6
|gen|9
|tier|[Gen 9] OU
|rated|
|rule|Sleep Clause Mod: Limit one foe put to sleep
|rule|Species Clause: Limit one of each Pokémon
|rule|OHKO Clause: OHKO moves are banned
|rule|Evasion Items Clause: Evasion items are banned
|rule|Evasion Moves Clause: Evasion moves are banned
|rule|Endless Battle Clause: Forcing endless battles is banned
|rule|HP Percentage Mod: HP is shown in percentages
|clearpoke
|poke|p1|Iron Valiant|
|poke|p1|Quaquaval, F|
|poke|p1|Iron Treads|
|poke|p1|Iron Moth|
|poke|p1|Kingambit, M|
|poke|p1|Zamazenta-*|
|poke|p2|Great Tusk|
|poke|p2|Clodsire, M|
|poke|p2|Breloom, F|
|poke|p2|Enamorus, F|
|poke|p2|Sableye, M|
|poke|p2|Arcanine, M|
|teampreview
|inactive|Battle timer is ON: inactive players will automatically lose when time's up. (requested by pppaapapap)
|j| Frank Lopez
|
|t:|1685890972
|start
|switch|p1a: Iron Moth|Iron Moth|100/100
|switch|p2a: Great Tusk|Great Tusk|100/100
|-enditem|p1a: Iron Moth|Booster Energy
|-activate|p1a: Iron Moth|ability: Quark Drive|[fromitem]
|-start|p1a: Iron Moth|quarkdrivespe
|turn|1
|
|t:|1685890987
|move|p1a: Iron Moth|Energy Ball|p2a: Great Tusk
|-supereffective|p2a: Great Tusk
|-damage|p2a: Great Tusk|15/100
|move|p2a: Great Tusk|Stealth Rock|p1a: Iron Moth
|-sidestart|p1: pppaapapap|move: Stealth Rock
|
|upkeep
|turn|2
|
|t:|1685890992
|-end|p2a: Great Tusk|Protosynthesis|[silent]
|switch|p2a: Clodsire|Clodsire, M|100/100
|move|p1a: Iron Moth|Fiery Dance|p2a: Clodsire
|-damage|p2a: Clodsire|79/100
|
|-heal|p2a: Clodsire|85/100|[from] item: Leftovers
|upkeep
|turn|3
|
|t:|1685891001
|move|p1a: Iron Moth|Energy Ball|p2a: Clodsire
|-damage|p2a: Clodsire|68/100
|move|p2a: Clodsire|Spikes|p1a: Iron Moth
|-sidestart|p1: pppaapapap|Spikes
|
|-heal|p2a: Clodsire|74/100|[from] item: Leftovers
|upkeep
|turn|4
|
|t:|1685891006
|move|p1a: Iron Moth|Fiery Dance|p2a: Clodsire
|-damage|p2a: Clodsire|53/100
|move|p2a: Clodsire|Spikes|p1a: Iron Moth
|-sidestart|p1: pppaapapap|Spikes
|
|-heal|p2a: Clodsire|59/100|[from] item: Leftovers
|upkeep
|turn|5
|
|t:|1685891010
|move|p1a: Iron Moth|Fiery Dance|p2a: Clodsire
|-damage|p2a: Clodsire|37/100
|move|p2a: Clodsire|Recover|p2a: Clodsire
|-heal|p2a: Clodsire|87/100
|
|-heal|p2a: Clodsire|93/100|[from] item: Leftovers
|upkeep
|turn|6
|
|t:|1685891013
|move|p1a: Iron Moth|Fiery Dance|p2a: Clodsire
|-damage|p2a: Clodsire|72/100
|-boost|p1a: Iron Moth|spa|1
|move|p2a: Clodsire|Spikes|p1a: Iron Moth
|-sidestart|p1: pppaapapap|Spikes
|
|-heal|p2a: Clodsire|78/100|[from] item: Leftovers
|upkeep
|turn|7
|
|t:|1685891016
|move|p1a: Iron Moth|Fiery Dance|p2a: Clodsire
|-damage|p2a: Clodsire|45/100
|-boost|p1a: Iron Moth|spa|1
|move|p2a: Clodsire|Earthquake|p1a: Iron Moth
|-supereffective|p1a: Iron Moth
|-damage|p1a: Iron Moth|0 fnt
|faint|p1a: Iron Moth
|-end|p1a: Iron Moth|Quark Drive|[silent]
|
|-heal|p2a: Clodsire|51/100|[from] item: Leftovers
|upkeep
|
|t:|1685891022
|switch|p1a: Iron Valiant|Iron Valiant|100/100
|-damage|p1a: Iron Valiant|94/100|[from] Stealth Rock
|-damage|p1a: Iron Valiant|69/100|[from] Spikes
|-enditem|p1a: Iron Valiant|Booster Energy
|-activate|p1a: Iron Valiant|ability: Quark Drive|[fromitem]
|-start|p1a: Iron Valiant|quarkdrivespe
|turn|8
|
|t:|1685891027
|switch|p2a: Sableye|Sableye, M|100/100
|move|p1a: Iron Valiant|Psyshock|p2a: Sableye
|-immune|p2a: Sableye
|
|upkeep
|turn|9
|
|t:|1685891032
|move|p2a: Sableye|Encore|p1a: Iron Valiant
|-start|p1a: Iron Valiant|Encore
|move|p1a: Iron Valiant|Psyshock|p2a: Sableye
|-immune|p2a: Sableye
|
|upkeep
|turn|10
|
|t:|1685891036
|-end|p1a: Iron Valiant|Quark Drive|[silent]
|switch|p1a: Zamazenta|Zamazenta-Crowned|100/100
|-damage|p1a: Zamazenta|97/100|[from] Stealth Rock
|-damage|p1a: Zamazenta|72/100|[from] Spikes
|-ability|p1a: Zamazenta|Dauntless Shield|boost
|-boost|p1a: Zamazenta|def|1
|move|p2a: Sableye|Knock Off|p1a: Zamazenta
|-resisted|p1a: Zamazenta
|-damage|p1a: Zamazenta|68/100
|
|upkeep
|turn|11
|
|t:|1685891039
|move|p2a: Sableye|Will-O-Wisp|p1a: Zamazenta
|-status|p1a: Zamazenta|brn
|move|p1a: Zamazenta|Behemoth Bash|p2a: Sableye
|-damage|p2a: Sableye|75/100
|
|-heal|p2a: Sableye|81/100|[from] item: Leftovers
|-damage|p1a: Zamazenta|62/100 brn|[from] brn
|upkeep
|turn|12
|
|t:|1685891043
|move|p2a: Sableye|Encore|p1a: Zamazenta
|-start|p1a: Zamazenta|Encore
|move|p1a: Zamazenta|Behemoth Bash|p2a: Sableye
|-damage|p2a: Sableye|54/100
|
|-heal|p2a: Sableye|60/100|[from] item: Leftovers
|-damage|p1a: Zamazenta|56/100 brn|[from] brn
|upkeep
|turn|13
|
|t:|1685891048
|switch|p1a: Iron Treads|Iron Treads|100/100
|-damage|p1a: Iron Treads|97/100|[from] Stealth Rock
|-damage|p1a: Iron Treads|72/100|[from] Spikes
|move|p2a: Sableye|Knock Off|p1a: Iron Treads
|-damage|p1a: Iron Treads|48/100
|-enditem|p1a: Iron Treads|Choice Band|[from] move: Knock Off|[of] p2a: Sableye
|
|-heal|p2a: Sableye|66/100|[from] item: Leftovers
|upkeep
|turn|14
|
|t:|1685891050
|move|p2a: Sableye|Will-O-Wisp|p1a: Iron Treads
|-status|p1a: Iron Treads|brn
|move|p1a: Iron Treads|Knock Off|p2a: Sableye
|-damage|p2a: Sableye|51/100
|-enditem|p2a: Sableye|Leftovers|[from] move: Knock Off|[of] p1a: Iron Treads
|
|-damage|p1a: Iron Treads|42/100 brn|[from] brn
|upkeep
|turn|15
|
|t:|1685891056
|-end|p1a: Iron Treads|Quark Drive|[silent]
|switch|p1a: Quaquaval|Quaquaval, F|100/100
|-damage|p1a: Quaquaval|94/100|[from] Stealth Rock
|-damage|p1a: Quaquaval|70/100|[from] Spikes
|move|p2a: Sableye|Recover|p2a: Sableye
|-heal|p2a: Sableye|100/100
|
|upkeep
|turn|16
|
|t:|1685891061
|move|p2a: Sableye|Will-O-Wisp|p1a: Quaquaval
|-status|p1a: Quaquaval|brn
|move|p1a: Quaquaval|Aqua Step|p2a: Sableye
|-damage|p2a: Sableye|83/100
|-boost|p1a: Quaquaval|spe|1
|
|-damage|p1a: Quaquaval|64/100 brn|[from] brn
|upkeep
|turn|17
|
|t:|1685891064
|move|p1a: Quaquaval|Aqua Step|p2a: Sableye
|-damage|p2a: Sableye|65/100
|-boost|p1a: Quaquaval|spe|1
|move|p2a: Sableye|Knock Off|p1a: Quaquaval
|-resisted|p1a: Quaquaval
|-damage|p1a: Quaquaval|47/100 brn
|-enditem|p1a: Quaquaval|Focus Sash|[from] move: Knock Off|[of] p2a: Sableye
|
|-damage|p1a: Quaquaval|41/100 brn|[from] brn
|upkeep
|turn|18
|
|t:|1685891069
|move|p1a: Quaquaval|Aqua Step|p2a: Sableye
|-damage|p2a: Sableye|45/100
|-boost|p1a: Quaquaval|spe|1
|move|p2a: Sableye|Knock Off|p1a: Quaquaval
|-resisted|p1a: Quaquaval
|-damage|p1a: Quaquaval|29/100 brn
|
|-damage|p1a: Quaquaval|23/100 brn|[from] brn
|upkeep
|turn|19
|
|t:|1685891072
|move|p2a: Sableye|Recover|p2a: Sableye
|-heal|p2a: Sableye|96/100
|move|p1a: Quaquaval|Aqua Step|p2a: Sableye
|-crit|p2a: Sableye
|-damage|p2a: Sableye|64/100
|-boost|p1a: Quaquaval|spe|1
|
|-damage|p1a: Quaquaval|17/100 brn|[from] brn
|upkeep
|turn|20
|
|t:|1685891076
|move|p1a: Quaquaval|Taunt|p2a: Sableye
|-start|p2a: Sableye|move: Taunt
|move|p2a: Sableye|Knock Off|p1a: Quaquaval
|-resisted|p1a: Quaquaval
|-damage|p1a: Quaquaval|6/100 brn
|
|-damage|p1a: Quaquaval|0 fnt|[from] brn
|faint|p1a: Quaquaval
|upkeep
|
|t:|1685891081
|switch|p1a: Iron Valiant|Iron Valiant|69/100
|-damage|p1a: Iron Valiant|63/100|[from] Stealth Rock
|-damage|p1a: Iron Valiant|38/100|[from] Spikes
|turn|21
|
|t:|1685891086
|switch|p2a: Arcanine|Arcanine, M|100/100
|-ability|p2a: Arcanine|Intimidate|boost
|-unboost|p1a: Iron Valiant|atk|1
|move|p1a: Iron Valiant|Moonblast|p2a: Arcanine
|-resisted|p2a: Arcanine
|-damage|p2a: Arcanine|71/100
|
|upkeep
|turn|22
|
|t:|1685891094
|-end|p1a: Iron Valiant|Quark Drive|[silent]
|switch|p1a: Zamazenta|Zamazenta-Crowned|56/100 brn
|-damage|p1a: Zamazenta|53/100 brn|[from] Stealth Rock
|-damage|p1a: Zamazenta|28/100 brn|[from] Spikes
|move|p2a: Arcanine|Extreme Speed|p1a: Zamazenta
|-resisted|p1a: Zamazenta
|-damage|p1a: Zamazenta|17/100 brn
|-damage|p2a: Arcanine|61/100|[from] item: Life Orb
|
|-damage|p1a: Zamazenta|11/100 brn|[from] brn
|upkeep
|turn|23
|
|t:|1685891100
|move|p2a: Arcanine|Extreme Speed|p1a: Zamazenta
|-resisted|p1a: Zamazenta
|-damage|p1a: Zamazenta|0 fnt
|faint|p1a: Zamazenta
|-damage|p2a: Arcanine|51/100|[from] item: Life Orb
|
|upkeep
|
|t:|1685891104
|switch|p1a: Kingambit|Kingambit, M|100/100
|-damage|p1a: Kingambit|94/100|[from] Stealth Rock
|-damage|p1a: Kingambit|69/100|[from] Spikes
|-activate|p1a: Kingambit|ability: Supreme Overlord
|-start|p1a: Kingambit|fallen3|[silent]
|turn|24
|
|t:|1685891112
|move|p1a: Kingambit|Sucker Punch|p2a: Arcanine
|-damage|p2a: Arcanine|0 fnt
|faint|p2a: Arcanine
|
|-heal|p1a: Kingambit|75/100|[from] item: Leftovers
|upkeep
|
|t:|1685891115
|switch|p2a: Breloom|Breloom, F|100/100
|turn|25
|
|t:|1685891119
|-end|p1a: Kingambit|fallen3|[silent]
|switch|p1a: Iron Treads|Iron Treads|42/100 brn
|-damage|p1a: Iron Treads|39/100 brn|[from] Stealth Rock
|-damage|p1a: Iron Treads|14/100 brn|[from] Spikes
|move|p2a: Breloom|Mach Punch|p1a: Iron Treads
|-supereffective|p1a: Iron Treads
|-damage|p1a: Iron Treads|0 fnt
|faint|p1a: Iron Treads
|-end|p1a: Iron Treads|Quark Drive|[silent]
|
|upkeep
|
|t:|1685891123
|switch|p1a: Iron Valiant|Iron Valiant|38/100
|-damage|p1a: Iron Valiant|32/100|[from] Stealth Rock
|-damage|p1a: Iron Valiant|7/100|[from] Spikes
|turn|26
|
|t:|1685891125
|move|p2a: Breloom|Mach Punch|p1a: Iron Valiant
|-resisted|p1a: Iron Valiant
|-damage|p1a: Iron Valiant|0 fnt
|faint|p1a: Iron Valiant
|-end|p1a: Iron Valiant|Quark Drive|[silent]
|
|upkeep
|
|t:|1685891127
|switch|p1a: Kingambit|Kingambit, M|75/100
|-damage|p1a: Kingambit|69/100|[from] Stealth Rock
|-damage|p1a: Kingambit|44/100|[from] Spikes
|-activate|p1a: Kingambit|ability: Supreme Overlord
|-start|p1a: Kingambit|fallen5|[silent]
|turn|27
|
|t:|1685891132
|-terastallize|p1a: Kingambit|Flying
|move|p2a: Breloom|Spore|p1a: Kingambit
|-status|p1a: Kingambit|slp|[from] move: Spore
|cant|p1a: Kingambit|slp
|
|-heal|p1a: Kingambit|50/100 slp|[from] item: Leftovers
|upkeep
|turn|28
|
|t:|1685891135
|-curestatus|p1a: Kingambit|slp|[msg]
|move|p1a: Kingambit|Sucker Punch|p2a: Breloom
|-resisted|p2a: Breloom
|-damage|p2a: Breloom|52/100
|move|p2a: Breloom|Bullet Seed|p1a: Kingambit
|-resisted|p1a: Kingambit
|-damage|p1a: Kingambit|43/100
|-resisted|p1a: Kingambit
|-damage|p1a: Kingambit|35/100
|-resisted|p1a: Kingambit
|-damage|p1a: Kingambit|26/100
|-resisted|p1a: Kingambit
|-damage|p1a: Kingambit|19/100
|-resisted|p1a: Kingambit
|-damage|p1a: Kingambit|12/100
|-hitcount|p1a: Kingambit|5
|
|-heal|p1a: Kingambit|18/100|[from] item: Leftovers
|upkeep
|turn|29
|
|t:|1685891139
|move|p2a: Breloom|Spore|p1a: Kingambit
|-status|p1a: Kingambit|slp|[from] move: Spore
|cant|p1a: Kingambit|slp
|
|-heal|p1a: Kingambit|24/100 slp|[from] item: Leftovers
|upkeep
|turn|30
|
|t:|1685891141
|move|p2a: Breloom|Bullet Seed|p1a: Kingambit
|-resisted|p1a: Kingambit
|-damage|p1a: Kingambit|17/100 slp
|-resisted|p1a: Kingambit
|-damage|p1a: Kingambit|9/100 slp
|-resisted|p1a: Kingambit
|-damage|p1a: Kingambit|2/100 slp
|-resisted|p1a: Kingambit
|-damage|p1a: Kingambit|0 fnt
|faint|p1a: Kingambit
|-end|p1a: Kingambit|fallen5|[silent]
|-hitcount|p1: Kingambit|4
|
|win|hotheadv
|raw|pppaapapap's rating: 1520 → 1506(-14 for losing)
|raw|hotheadv's rating: 1621 → 1635(+14 for winning)
|l|☆pppaapapap
|l|☆hotheadv
