|j|☆Titi5558
|j|☆FRiolu
|t:|1685929975
|gametype|singles
|player|p1|Titi5558|n-masters3|
|player|p2|FRiolu|pokemonranger-gen6xy|
|teamsize|p1|6
|teamsize|p2|6
|gen|9
|tier|[Gen 9] OU
|rule|Sleep Clause Mod: Limit one foe put to sleep
|rule|Species Clause: Limit one of each Pokémon
|rule|OHKO Clause: OHKO moves are banned
|rule|Evasion Items Clause: Evasion items are banned
|rule|Evasion Moves Clause: Evasion moves are banned
|rule|Endless Battle Clause: Forcing endless battles is banned
|rule|HP Percentage Mod: HP is shown in percentages
|clearpoke
|poke|p1|Clodsire, F|
|poke|p1|Dondozo, M|
|poke|p1|Alomomola, F|
|poke|p1|Talonflame, M|
|poke|p1|Toxapex, M|
|poke|p1|Blissey, F|
|poke|p2|Clodsire, F|
|poke|p2|Dondozo, F|
|poke|p2|Alomomola, M|
|poke|p2|Talonflame, F|
|poke|p2|Toxapex, F|
|poke|p2|Blissey, F|
|teampreview
|
|t:|1685929998
|start
|switch|p1a: Blissey|Blissey, F|100/100
|switch|p2a: Toxapex|Toxapex, F|100/100
|turn|1
|
|t:|1685930007
|move|p1a: Blissey|Stealth Rock|p2a: Toxapex
|-sidestart|p2: FRiolu|move: Stealth Rock
|move|p2a: Toxapex|Infestation|p1a: Blissey
|-damage|p1a: Blissey|99/100
|-activate|p1a: Blissey|move: Infestation|[of] p2a: Toxapex
|
|-damage|p1a: Blissey|87/100|[from] move: Infestation|[partiallytrapped]
|upkeep
|turn|2
|
|t:|1685930015
|move|p1a: Blissey|Shadow Ball|p2a: Toxapex
|-crit|p2a: Toxapex
|-damage|p2a: Toxapex|82/100
|move|p2a: Toxapex|Toxic|p1a: Blissey
|-status|p1a: Blissey|tox
|
|-damage|p1a: Blissey|81/100 tox|[from] psn
|-damage|p1a: Blissey|69/100 tox|[from] move: Infestation|[partiallytrapped]
|upkeep
|turn|3
|
|t:|1685930024
|move|p1a: Blissey|Shadow Ball|p2a: Toxapex
|-damage|p2a: Toxapex|71/100
|move|p2a: Toxapex|Infestation|p1a: Blissey
|-damage|p1a: Blissey|68/100 tox
|
|-damage|p1a: Blissey|55/100 tox|[from] psn
|-damage|p1a: Blissey|43/100 tox|[from] move: Infestation|[partiallytrapped]
|upkeep
|turn|4
|
|t:|1685930051
|move|p1a: Blissey|Soft-Boiled|p1a: Blissey
|-heal|p1a: Blissey|93/100 tox
|move|p2a: Toxapex|Infestation|p1a: Blissey
|-damage|p1a: Blissey|92/100 tox
|
|-damage|p1a: Blissey|74/100 tox|[from] psn
|-damage|p1a: Blissey|61/100 tox|[from] move: Infestation|[partiallytrapped]
|upkeep
|turn|5
|
|t:|1685930060
|move|p1a: Blissey|Soft-Boiled|p1a: Blissey
|-heal|p1a: Blissey|100/100 tox
|move|p2a: Toxapex|Infestation|p1a: Blissey
|-damage|p1a: Blissey|99/100 tox
|
|-damage|p1a: Blissey|75/100 tox|[from] psn
|-end|p1a: Blissey|Infestation|[partiallytrapped]
|upkeep
|turn|6
|
|t:|1685930082
|-curestatus|p1a: Blissey|tox|[from] ability: Natural Cure
|switch|p1a: Toxapex|Toxapex, M|100/100
|switch|p2a: Clodsire|Clodsire, F|100/100
|
|upkeep
|turn|7
|
|t:|1685930094
|switch|p1a: Talonflame|Talonflame, M|100/100
|move|p2a: Clodsire|Toxic|p1a: Talonflame
|-status|p1a: Talonflame|tox
|
|-damage|p1a: Talonflame|94/100 tox|[from] psn
|upkeep
|turn|8
|
|t:|1685930108
|switch|p1a: Blissey|Blissey, F|75/100
|switch|p2a: Talonflame|Talonflame, F|100/100
|
|upkeep
|turn|9
|
|t:|1685930120
|switch|p2a: Blissey|Blissey, F|100/100
|move|p1a: Blissey|Seismic Toss|p2a: Blissey
|-damage|p2a: Blissey|86/100
|
|upkeep
|turn|10
|
|t:|1685930129
|switch|p1a: Talonflame|Talonflame, M|94/100 tox
|move|p2a: Blissey|Seismic Toss|p1a: Talonflame
|-damage|p1a: Talonflame|67/100 tox
|-status|p2a: Blissey|brn|[from] ability: Flame Body|[of] p1a: Talonflame
|
|-damage|p1a: Talonflame|60/100 tox|[from] psn
|-damage|p2a: Blissey|80/100 brn|[from] brn
|upkeep
|turn|11
|
|t:|1685930140
|-curestatus|p2a: Blissey|brn|[from] ability: Natural Cure
|switch|p2a: Talonflame|Talonflame, F|100/100
|move|p1a: Talonflame|Roost|p1a: Talonflame
|-heal|p1a: Talonflame|100/100 tox
|-singleturn|p1a: Talonflame|move: Roost
|
|-damage|p1a: Talonflame|88/100 tox|[from] psn
|upkeep
|turn|12
|
|t:|1685930148
|switch|p1a: Toxapex|Toxapex, M|100/100
|move|p2a: Talonflame|Defog|p1a: Toxapex
|-unboost|p1a: Toxapex|evasion|1
|-sideend|p2: FRiolu|Stealth Rock|[from] move: Defog|[of] p2a: Talonflame
|
|upkeep
|turn|13
|
|t:|1685930158
|switch|p2a: Clodsire|Clodsire, F|100/100
|move|p1a: Toxapex|Infestation|p2a: Clodsire
|-resisted|p2a: Clodsire
|-damage|p2a: Clodsire|99/100
|-activate|p2a: Clodsire|move: Infestation|[of] p1a: Toxapex
|
|-damage|p2a: Clodsire|87/100|[from] move: Infestation|[partiallytrapped]
|upkeep
|turn|14
|
|t:|1685930168
|switch|p1a: Talonflame|Talonflame, M|88/100 tox
|move|p2a: Clodsire|Earthquake|p1a: Talonflame
|-immune|p1a: Talonflame
|
|-damage|p1a: Talonflame|82/100 tox|[from] psn
|-end|p2a: Clodsire|Infestation|[partiallytrapped]|[silent]
|upkeep
|turn|15
|
|t:|1685930182
|switch|p2a: Alomomola|Alomomola, M|100/100
|move|p1a: Talonflame|Flamethrower|p2a: Alomomola
|-resisted|p2a: Alomomola
|-damage|p2a: Alomomola|87/100
|
|-damage|p1a: Talonflame|70/100 tox|[from] psn
|upkeep
|turn|16
|
|t:|1685930187
|move|p1a: Talonflame|Will-O-Wisp|p2a: Alomomola|[miss]
|-miss|p1a: Talonflame|p2a: Alomomola
|move|p2a: Alomomola|Whirlpool|p1a: Talonflame|[miss]
|-miss|p2a: Alomomola|p1a: Talonflame
|
|-damage|p1a: Talonflame|52/100 tox|[from] psn
|upkeep
|turn|17
|
|t:|1685930193
|move|p1a: Talonflame|Roost|p1a: Talonflame
|-heal|p1a: Talonflame|100/100 tox
|-singleturn|p1a: Talonflame|move: Roost
|move|p2a: Alomomola|Whirlpool|p1a: Talonflame
|-supereffective|p1a: Talonflame
|-damage|p1a: Talonflame|85/100 tox
|-activate|p1a: Talonflame|move: Whirlpool|[of] p2a: Alomomola
|
|-damage|p1a: Talonflame|60/100 tox|[from] psn
|-damage|p1a: Talonflame|48/100 tox|[from] move: Whirlpool|[partiallytrapped]
|upkeep
|turn|18
|
|t:|1685930199
|move|p2a: Alomomola|Protect|p2a: Alomomola
|-singleturn|p2a: Alomomola|Protect
|move|p1a: Talonflame|Roost|p1a: Talonflame
|-heal|p1a: Talonflame|98/100 tox
|-singleturn|p1a: Talonflame|move: Roost
|
|-damage|p1a: Talonflame|67/100 tox|[from] psn
|-damage|p1a: Talonflame|55/100 tox|[from] move: Whirlpool|[partiallytrapped]
|upkeep
|turn|19
|
|t:|1685930207
|move|p1a: Talonflame|Will-O-Wisp|p2a: Alomomola
|-status|p2a: Alomomola|brn
|move|p2a: Alomomola|Chilling Water|p1a: Talonflame
|-supereffective|p1a: Talonflame
|-damage|p1a: Talonflame|32/100 tox
|-unboost|p1a: Talonflame|atk|1
|
|-damage|p1a: Talonflame|0 fnt|[from] psn
|faint|p1a: Talonflame
|-damage|p2a: Alomomola|81/100 brn|[from] brn
|upkeep
|
|t:|1685930213
|switch|p1a: Toxapex|Toxapex, M|100/100
|turn|20
|
|t:|1685930219
|switch|p1a: Dondozo|Dondozo, M|100/100
|move|p2a: Alomomola|Whirlpool|p1a: Dondozo
|-resisted|p1a: Dondozo
|-damage|p1a: Dondozo|98/100
|-activate|p1a: Dondozo|move: Whirlpool|[of] p2a: Alomomola
|
|-damage|p2a: Alomomola|75/100 brn|[from] brn
|-damage|p1a: Dondozo|85/100|[from] move: Whirlpool|[partiallytrapped]
|upkeep
|turn|21
|
|t:|1685930228
|move|p2a: Alomomola|Wish|p2a: Alomomola
|move|p1a: Dondozo|Heavy Slam|p2a: Alomomola
|-resisted|p2a: Alomomola
|-damage|p2a: Alomomola|67/100 brn
|
|-damage|p2a: Alomomola|61/100 brn|[from] brn
|-damage|p1a: Dondozo|73/100|[from] move: Whirlpool|[partiallytrapped]
|upkeep
|turn|22
|
|t:|1685930251
|move|p2a: Alomomola|Chilling Water|p1a: Dondozo
|-resisted|p1a: Dondozo
|-damage|p1a: Dondozo|68/100
|-unboost|p1a: Dondozo|atk|1
|move|p1a: Dondozo|Body Press|p2a: Alomomola
|-damage|p2a: Alomomola|46/100 brn
|
|-heal|p2a: Alomomola|96/100 brn|[from] move: Wish|[wisher] Alomomola
|-damage|p2a: Alomomola|90/100 brn|[from] brn
|-damage|p1a: Dondozo|56/100|[from] move: Whirlpool|[partiallytrapped]
|upkeep
|turn|23
|
|t:|1685930260
|move|p2a: Alomomola|Chilling Water|p1a: Dondozo
|-resisted|p1a: Dondozo
|-damage|p1a: Dondozo|51/100
|-unboost|p1a: Dondozo|atk|1
|move|p1a: Dondozo|Rest|p1a: Dondozo
|-status|p1a: Dondozo|slp|[from] move: Rest
|-heal|p1a: Dondozo|100/100 slp|[silent]
|
|-damage|p2a: Alomomola|84/100 brn|[from] brn
|-damage|p1a: Dondozo|88/100 slp|[from] move: Whirlpool|[partiallytrapped]
|upkeep
|turn|24
|
|t:|1685930267
|move|p2a: Alomomola|Chilling Water|p1a: Dondozo
|-resisted|p1a: Dondozo
|-damage|p1a: Dondozo|84/100 slp
|-unboost|p1a: Dondozo|atk|1
|cant|p1a: Dondozo|slp
|move|p1a: Dondozo|Sleep Talk|p1a: Dondozo
|move|p1a: Dondozo|Rest||[from]move: Sleep Talk|[still]
|-fail|p1a: Dondozo
|
|-damage|p2a: Alomomola|78/100 brn|[from] brn
|-end|p1a: Dondozo|Whirlpool|[partiallytrapped]
|upkeep
|turn|25
|
|t:|1685930275
|move|p2a: Alomomola|Whirlpool|p1a: Dondozo
|-resisted|p1a: Dondozo
|-damage|p1a: Dondozo|81/100 slp
|-activate|p1a: Dondozo|move: Whirlpool|[of] p2a: Alomomola
|cant|p1a: Dondozo|slp
|move|p1a: Dondozo|Sleep Talk|p1a: Dondozo
|move|p1a: Dondozo|Rest||[from]move: Sleep Talk|[still]
|-fail|p1a: Dondozo
|
|-damage|p2a: Alomomola|71/100 brn|[from] brn
|-damage|p1a: Dondozo|68/100 slp|[from] move: Whirlpool|[partiallytrapped]
|upkeep
|turn|26
|
|t:|1685930297
|switch|p2a: Toxapex|Toxapex, F|100/100
|-curestatus|p1a: Dondozo|slp|[msg]
|move|p1a: Dondozo|Sleep Talk||[still]
|-fail|p1a: Dondozo
|
|-end|p1a: Dondozo|Whirlpool|[partiallytrapped]|[silent]
|upkeep
|turn|27
|
|t:|1685930304
|switch|p1a: Toxapex|Toxapex, M|100/100
|move|p2a: Toxapex|Infestation|p1a: Toxapex
|-resisted|p1a: Toxapex
|-damage|p1a: Toxapex|99/100
|-activate|p1a: Toxapex|move: Infestation|[of] p2a: Toxapex
|
|-damage|p1a: Toxapex|87/100|[from] move: Infestation|[partiallytrapped]
|upkeep
|turn|28
|
|t:|1685930308
|switch|p2a: Clodsire|Clodsire, F|87/100
|move|p1a: Toxapex|Infestation|p2a: Clodsire
|-resisted|p2a: Clodsire
|-damage|p2a: Clodsire|86/100
|-activate|p2a: Clodsire|move: Infestation|[of] p1a: Toxapex
|
|-end|p1a: Toxapex|Infestation|[partiallytrapped]|[silent]
|-damage|p2a: Clodsire|74/100|[from] move: Infestation|[partiallytrapped]
|upkeep
|turn|29
|
|t:|1685930318
|switch|p1a: Blissey|Blissey, F|75/100
|move|p2a: Clodsire|Earthquake|p1a: Blissey
|-damage|p1a: Blissey|20/100
|
|-end|p2a: Clodsire|Infestation|[partiallytrapped]|[silent]
|upkeep
|turn|30
|
|t:|1685930325
|move|p1a: Blissey|Soft-Boiled|p1a: Blissey
|-heal|p1a: Blissey|70/100
|move|p2a: Clodsire|Earthquake|p1a: Blissey
|-damage|p1a: Blissey|15/100
|
|upkeep
|turn|31
|
|t:|1685930329
|move|p1a: Blissey|Soft-Boiled|p1a: Blissey
|-heal|p1a: Blissey|65/100
|move|p2a: Clodsire|Earthquake|p1a: Blissey
|-damage|p1a: Blissey|12/100
|
|upkeep
|turn|32
|
|t:|1685930337
|move|p1a: Blissey|Soft-Boiled|p1a: Blissey
|-heal|p1a: Blissey|62/100
|move|p2a: Clodsire|Earthquake|p1a: Blissey
|-damage|p1a: Blissey|9/100
|
|upkeep
|turn|33
|
|t:|1685930343
|move|p1a: Blissey|Soft-Boiled|p1a: Blissey
|-heal|p1a: Blissey|59/100
|move|p2a: Clodsire|Earthquake|p1a: Blissey
|-damage|p1a: Blissey|2/100
|
|upkeep
|turn|34
|
|t:|1685930347
|switch|p1a: Dondozo|Dondozo, M|68/100
|move|p2a: Clodsire|Earthquake|p1a: Dondozo
|-damage|p1a: Dondozo|56/100
|
|upkeep
|turn|35
|
|t:|1685930358
|move|p1a: Dondozo|Body Press|p2a: Clodsire
|-resisted|p2a: Clodsire
|-damage|p2a: Clodsire|59/100
|move|p2a: Clodsire|Toxic|p1a: Dondozo
|-status|p1a: Dondozo|tox
|
|-damage|p1a: Dondozo|50/100 tox|[from] psn
|upkeep
|turn|36
|
|t:|1685930369
|switch|p2a: Toxapex|Toxapex, F|100/100
|move|p1a: Dondozo|Rest|p1a: Dondozo
|-status|p1a: Dondozo|slp|[from] move: Rest
|-heal|p1a: Dondozo|100/100 slp|[silent]
|
|upkeep
|turn|37
|
|t:|1685930376
|switch|p1a: Toxapex|Toxapex, M|100/100
|move|p2a: Toxapex|Infestation|p1a: Toxapex
|-resisted|p1a: Toxapex
|-damage|p1a: Toxapex|99/100
|-activate|p1a: Toxapex|move: Infestation|[of] p2a: Toxapex
|
|-damage|p1a: Toxapex|87/100|[from] move: Infestation|[partiallytrapped]
|upkeep
|turn|38
|
|t:|1685930388
|switch|p2a: Clodsire|Clodsire, F|59/100
|move|p1a: Toxapex|Infestation|p2a: Clodsire
|-resisted|p2a: Clodsire
|-damage|p2a: Clodsire|58/100
|-activate|p2a: Clodsire|move: Infestation|[of] p1a: Toxapex
|
|-end|p1a: Toxapex|Infestation|[partiallytrapped]|[silent]
|-damage|p2a: Clodsire|46/100|[from] move: Infestation|[partiallytrapped]
|upkeep
|turn|39
|
|t:|1685930405
|switch|p1a: Blissey|Blissey, F|2/100
|move|p2a: Clodsire|Recover|p2a: Clodsire
|-heal|p2a: Clodsire|96/100
|
|-end|p2a: Clodsire|Infestation|[partiallytrapped]|[silent]
|upkeep
|turn|40
|
|t:|1685930412
|move|p1a: Blissey|Soft-Boiled|p1a: Blissey
|-heal|p1a: Blissey|52/100
|move|p2a: Clodsire|Earthquake|p1a: Blissey
|-damage|p1a: Blissey|1/100
|
|upkeep
|turn|41
|
|t:|1685930417
|move|p1a: Blissey|Soft-Boiled|p1a: Blissey
|-heal|p1a: Blissey|51/100
|move|p2a: Clodsire|Earthquake|p1a: Blissey
|-damage|p1a: Blissey|0 fnt
|faint|p1a: Blissey
|
|upkeep
|
|t:|1685930426
|switch|p1a: Dondozo|Dondozo, M|100/100 slp
|turn|42
|-message|FRiolu forfeited.
|
|win|Titi5558
|l|☆FRiolu
|c|☆Titi5558|o-o
