|j|☆mangolol
|j|☆Best_Vibes_Only
|t:|1685832489
|gametype|singles
|player|p1|mangolol|adaman|1270
|player|p2|Best_Vibes_Only|acetrainerf|1281
|teamsize|p1|6
|teamsize|p2|6
|gen|9
|tier|[Gen 9] OU
|rated|
|rule|Sleep Clause Mod: Limit one foe put to sleep
|rule|Species Clause: Limit one of each Pokémon
|rule|OHKO Clause: OHKO moves are banned
|rule|Evasion Items Clause: Evasion items are banned
|rule|Evasion Moves Clause: Evasion moves are banned
|rule|Endless Battle Clause: Forcing endless battles is banned
|rule|HP Percentage Mod: HP is shown in percentages
|clearpoke
|poke|p1|Dragapult, M|
|poke|p1|Urshifu-*, M|
|poke|p1|Samurott-Hisui, F|
|poke|p1|Sneasler, M|
|poke|p1|Glimmora, M|
|poke|p1|Iron Valiant|
|poke|p2|Ursaluna, M|
|poke|p2|Grimmsnarl, M|
|poke|p2|Slowking-Galar, F|
|poke|p2|Amoonguss, M|
|poke|p2|Volcanion|
|poke|p2|Zapdos-Galar|
|teampreview
|
|t:|1685832500
|start
|switch|p1a: Glimmora|Glimmora, M|100/100
|switch|p2a: Volcanion|Volcanion|100/100
|turn|1
|
|t:|1685832510
|-terastallize|p2a: Volcanion|Ground
|move|p1a: Glimmora|Stealth Rock|p2a: Volcanion
|-sidestart|p2: Best_Vibes_Only|move: Stealth Rock
|move|p2a: Volcanion|Flame Charge|p1a: Glimmora
|-resisted|p1a: Glimmora
|-damage|p1a: Glimmora|89/100
|-boost|p2a: Volcanion|spe|1
|-activate|p1a: Glimmora|ability: Toxic Debris
|-sidestart|p2: Best_Vibes_Only|move: Toxic Spikes
|
|upkeep
|turn|2
|
|t:|1685832516
|move|p2a: Volcanion|Steam Eruption|p1a: Glimmora
|-supereffective|p1a: Glimmora
|-damage|p1a: Glimmora|0 fnt
|faint|p1a: Glimmora
|
|upkeep
|
|t:|1685832522
|switch|p1a: Sneasler|Sneasler, M|100/100
|turn|3
|
|t:|1685832526
|move|p1a: Sneasler|Dire Claw|p2a: Volcanion
|-resisted|p2a: Volcanion
|-damage|p2a: Volcanion|82/100
|-status|p2a: Volcanion|slp
|cant|p2a: Volcanion|slp
|
|-heal|p2a: Volcanion|88/100 slp|[from] item: Leftovers
|upkeep
|turn|4
|
|t:|1685832532
|switch|p1a: Samurott|Samurott-Hisui, F|100/100
|cant|p2a: Volcanion|slp
|
|-heal|p2a: Volcanion|94/100 slp|[from] item: Leftovers
|upkeep
|turn|5
|
|t:|1685832536
|cant|p2a: Volcanion|slp
|move|p1a: Samurott|Ceaseless Edge|p2a: Volcanion
|-damage|p2a: Volcanion|23/100 slp
|-sidestart|p2: Best_Vibes_Only|Spikes
|
|-heal|p2a: Volcanion|29/100 slp|[from] item: Leftovers
|upkeep
|turn|6
|
|t:|1685832541
|-curestatus|p2a: Volcanion|slp|[msg]
|move|p2a: Volcanion|Steam Eruption|p1a: Samurott
|-resisted|p1a: Samurott
|-damage|p1a: Samurott|61/100
|move|p1a: Samurott|Ceaseless Edge|p2a: Volcanion
|-damage|p2a: Volcanion|0 fnt
|-sidestart|p2: Best_Vibes_Only|Spikes
|faint|p2a: Volcanion
|
|upkeep
|
|t:|1685832546
|switch|p2a: Zapdos|Zapdos-Galar|100/100
|-damage|p2a: Zapdos|88/100|[from] Stealth Rock
|turn|7
|
|t:|1685832550
|switch|p1a: Dragapult|Dragapult, M|100/100
|move|p2a: Zapdos|Thunderous Kick|p1a: Dragapult
|-immune|p1a: Dragapult
|
|upkeep
|turn|8
|
|t:|1685832561
|switch|p2a: Amoonguss|Amoonguss, M|100/100
|-damage|p2a: Amoonguss|88/100|[from] Stealth Rock
|-sideend|p2: Best_Vibes_Only|move: Toxic Spikes|[of] p2a: Amoonguss
|-damage|p2a: Amoonguss|71/100|[from] Spikes
|move|p1a: Dragapult|Draco Meteor|p2a: Amoonguss
|-crit|p2a: Amoonguss
|-damage|p2a: Amoonguss|0 fnt
|-unboost|p1a: Dragapult|spa|2
|faint|p2a: Amoonguss
|
|upkeep
|
|t:|1685832566
|switch|p2a: Grimmsnarl|Grimmsnarl, M|100/100
|-damage|p2a: Grimmsnarl|88/100|[from] Stealth Rock
|-damage|p2a: Grimmsnarl|72/100|[from] Spikes
|turn|9
|
|t:|1685832570
|switch|p1a: Sneasler|Sneasler, M|100/100
|move|p2a: Grimmsnarl|Light Screen|p2a: Grimmsnarl
|-sidestart|p2: Best_Vibes_Only|move: Light Screen
|
|upkeep
|turn|10
|
|t:|1685832573
|move|p2a: Grimmsnarl|Reflect|p2a: Grimmsnarl
|-sidestart|p2: Best_Vibes_Only|Reflect
|move|p1a: Sneasler|Dire Claw|p2a: Grimmsnarl
|-supereffective|p2a: Grimmsnarl
|-damage|p2a: Grimmsnarl|17/100
|-status|p2a: Grimmsnarl|psn|[from] ability: Poison Touch|[of] p1a: Sneasler
|
|-damage|p2a: Grimmsnarl|5/100 psn|[from] psn
|upkeep
|turn|11
|
|t:|1685832577
|switch|p1a: Samurott|Samurott-Hisui, F|61/100
|move|p2a: Grimmsnarl|Parting Shot|p1a: Samurott
|-hint|Since gen 7, Dark is immune to Prankster moves.
|-immune|p1a: Samurott
|
|-damage|p2a: Grimmsnarl|0 fnt|[from] psn
|faint|p2a: Grimmsnarl
|upkeep
|
|t:|1685832581
|switch|p2a: Zapdos|Zapdos-Galar|88/100
|-damage|p2a: Zapdos|76/100|[from] Stealth Rock
|turn|12
|
|t:|1685832583
|switch|p1a: Dragapult|Dragapult, M|100/100
|move|p2a: Zapdos|U-turn|p1a: Dragapult
|-resisted|p1a: Dragapult
|-damage|p1a: Dragapult|85/100
|
|t:|1685832587
|switch|p2a: Ursaluna|Ursaluna, M|100/100|[from] U-turn
|-damage|p2a: Ursaluna|94/100|[from] Stealth Rock
|-damage|p2a: Ursaluna|78/100|[from] Spikes
|
|-status|p2a: Ursaluna|brn|[from] item: Flame Orb
|upkeep
|turn|13
|
|t:|1685832590
|move|p1a: Dragapult|Draco Meteor|p2a: Ursaluna
|-damage|p2a: Ursaluna|0 fnt
|-unboost|p1a: Dragapult|spa|2
|faint|p2a: Ursaluna
|
|upkeep
|-message|Best_Vibes_Only forfeited.
|
|win|mangolol
|raw|mangolol's rating: 1270 → 1296(+26 for winning)
|raw|Best_Vibes_Only's rating: 1281 → 1255(-26 for losing)
|l|☆Best_Vibes_Only
