|j|☆RegalZero
|j|☆Ahdvcvc
|t:|1685847298
|gametype|singles
|player|p1|RegalZero|maylene|1000
|player|p2|Ahdvcvc|hugh|1000
|teamsize|p1|6
|teamsize|p2|6
|gen|9
|tier|[Gen 9] OU
|rated|
|rule|Sleep Clause Mod: Limit one foe put to sleep
|rule|Species Clause: Limit one of each Pokémon
|rule|OHKO Clause: OHKO moves are banned
|rule|Evasion Items Clause: Evasion items are banned
|rule|Evasion Moves Clause: Evasion moves are banned
|rule|Endless Battle Clause: Forcing endless battles is banned
|rule|HP Percentage Mod: HP is shown in percentages
|clearpoke
|poke|p1|Amoonguss, F|
|poke|p1|Frosmoth, F|
|poke|p1|Kingambit, F|
|poke|p1|Iron Moth|
|poke|p1|Iron Valiant|
|poke|p1|Great Tusk|
|poke|p2|Enamorus-Therian, F|
|poke|p2|Ursaluna, M|
|poke|p2|Slowking-Galar, F|
|poke|p2|Magearna|
|poke|p2|Kingambit, F|
|poke|p2|Garganacl, M|
|teampreview
|inactive|Battle timer is ON: inactive players will automatically lose when time's up. (requested by Ahdvcvc)
|
|t:|1685847308
|start
|switch|p1a: Super Merk2|Iron Moth|100/100
|switch|p2a: Slowking|Slowking-Galar, F|100/100
|turn|1
|
|t:|1685847331
|move|p1a: Super Merk2|Overheat|p2a: Slowking
|-damage|p2a: Slowking|34/100
|-unboost|p1a: Super Merk2|spa|2
|move|p2a: Slowking|Trick Room|p2a: Slowking
|-fieldstart|move: Trick Room|[of] p2a: Slowking
|
|-heal|p2a: Slowking|40/100|[from] item: Leftovers
|upkeep
|turn|2
|j| rot_wa
|
|t:|1685847340
|-end|p1a: Super Merk2|Quark Drive|[silent]
|switch|p1a: Edge|Kingambit, F|100/100
|move|p2a: Slowking|Chilly Reception|p2a: Slowking
|-weather|Snow
|
|t:|1685847352
|switch|p2a: Ursaluna|Ursaluna, M|100/100|[from] Chilly Reception
|
|-weather|Snow|[upkeep]
|-status|p2a: Ursaluna|brn|[from] item: Flame Orb
|upkeep
|turn|3
|inactive|RegalZero has 120 seconds left.
|
|t:|1685847383
|move|p1a: Edge|Iron Head|p2a: Ursaluna
|-damage|p2a: Ursaluna|68/100 brn
|cant|p2a: Ursaluna|flinch
|
|-weather|Snow|[upkeep]
|-damage|p2a: Ursaluna|62/100 brn|[from] brn
|upkeep
|turn|4
|
|t:|1685847391
|move|p1a: Edge|Iron Head|p2a: Ursaluna
|-damage|p2a: Ursaluna|31/100 brn
|cant|p2a: Ursaluna|flinch
|
|-weather|Snow|[upkeep]
|-damage|p2a: Ursaluna|25/100 brn|[from] brn
|upkeep
|turn|5
|-message|Ahdvcvc forfeited.
|
|win|RegalZero
|raw|RegalZero's rating: 1000 → 1040(+40 for winning)
|raw|Ahdvcvc's rating: 1000 → 1000(+0 for losing)
|l|☆Ahdvcvc
