|j|☆Atreyu_Goku
|j|☆rivenamelia
|t:|1685824715
|gametype|singles
|player|p1|Atreyu_Goku|hilda-wonderlauncher|1096
|player|p2|rivenamelia|cynthia|1000
|teamsize|p1|6
|teamsize|p2|6
|gen|9
|tier|[Gen 9] OU
|rated|
|rule|Sleep Clause Mod: Limit one foe put to sleep
|rule|Species Clause: Limit one of each Pokémon
|rule|OHKO Clause: OHKO moves are banned
|rule|Evasion Items Clause: Evasion items are banned
|rule|Evasion Moves Clause: Evasion moves are banned
|rule|Endless Battle Clause: Forcing endless battles is banned
|rule|HP Percentage Mod: HP is shown in percentages
|clearpoke
|poke|p1|Ursaluna, M|
|poke|p1|Lucario, F|
|poke|p1|Pikachu-Sinnoh, M|
|poke|p1|Urshifu-*, F|
|poke|p1|Corviknight, F|
|poke|p1|Regidrago|
|poke|p2|Arcanine-Hisui, F|
|poke|p2|Enamorus, F|
|poke|p2|Magearna|
|poke|p2|Chien-Pao|
|poke|p2|Thundurus-Therian, M|
|poke|p2|Iron Treads|
|teampreview
|inactive|Battle timer is ON: inactive players will automatically lose when time's up. (requested by Atreyu_Goku)
|
|t:|1685824733
|start
|switch|p1a: Pikachu|Pikachu-Sinnoh, M|100/100
|switch|p2a: Arcanine|Arcanine-Hisui, F|100/100
|turn|1
|
|t:|1685824746
|move|p1a: Pikachu|Surf|p2a: Arcanine
|-supereffective|p2a: Arcanine
|-damage|p2a: Arcanine|0 fnt
|faint|p2a: Arcanine
|
|upkeep
|
|t:|1685824756
|switch|p2a: Chien-Pao|Chien-Pao|100/100
|-ability|p2a: Chien-Pao|Sword of Ruin
|turn|2
|
|t:|1685824765
|move|p2a: Chien-Pao|Sacred Sword|p1a: Pikachu
|-damage|p1a: Pikachu|0 fnt
|-status|p2a: Chien-Pao|par|[from] ability: Static|[of] p1a: Pikachu
|faint|p1a: Pikachu
|
|upkeep
|
|t:|1685824772
|switch|p1a: Lucario|Lucario, F|100/100
|turn|3
|
|t:|1685824779
|switch|p2a: Enamorus|Enamorus, F|100/100
|move|p1a: Lucario|Aura Sphere|p2a: Enamorus
|-resisted|p2a: Enamorus
|-damage|p2a: Enamorus|85/100
|
|upkeep
|turn|4
|
|t:|1685824784
|move|p2a: Enamorus|Superpower|p1a: Lucario
|-supereffective|p1a: Lucario
|-damage|p1a: Lucario|0 fnt
|-boost|p2a: Enamorus|atk|1
|-boost|p2a: Enamorus|def|1
|faint|p1a: Lucario
|
|upkeep
|
|t:|1685824790
|switch|p1a: Urshifu|Urshifu-Rapid-Strike, F|100/100
|turn|5
|
|t:|1685824796
|move|p2a: Enamorus|Fly||[still]
|-prepare|p2a: Enamorus|Fly
|-enditem|p2a: Enamorus|Power Herb
|-anim|p2a: Enamorus|Fly|p1a: Urshifu
|-supereffective|p1a: Urshifu
|-damage|p1a: Urshifu|0 fnt
|faint|p1a: Urshifu
|
|upkeep
|
|t:|1685824799
|switch|p1a: Corviknight|Corviknight, F|100/100
|turn|6
|
|t:|1685824807
|move|p2a: Enamorus|Superpower|p1a: Corviknight
|-damage|p1a: Corviknight|51/100
|-boost|p2a: Enamorus|atk|1
|-boost|p2a: Enamorus|def|1
|move|p1a: Corviknight|Iron Defense|p1a: Corviknight
|-boost|p1a: Corviknight|def|2
|
|-heal|p1a: Corviknight|57/100|[from] item: Leftovers
|upkeep
|turn|7
|
|t:|1685824813
|move|p2a: Enamorus|Superpower|p1a: Corviknight
|-damage|p1a: Corviknight|26/100
|-boost|p2a: Enamorus|atk|1
|-boost|p2a: Enamorus|def|1
|move|p1a: Corviknight|Iron Defense|p1a: Corviknight
|-boost|p1a: Corviknight|def|2
|
|-heal|p1a: Corviknight|32/100|[from] item: Leftovers
|upkeep
|turn|8
|
|t:|1685824819
|move|p2a: Enamorus|Superpower|p1a: Corviknight
|-damage|p1a: Corviknight|7/100
|-boost|p2a: Enamorus|atk|1
|-boost|p2a: Enamorus|def|1
|move|p1a: Corviknight|Body Press|p2a: Enamorus
|-resisted|p2a: Enamorus
|-damage|p2a: Enamorus|77/100
|
|-heal|p1a: Corviknight|13/100|[from] item: Leftovers
|upkeep
|turn|9
|
|t:|1685824828
|move|p2a: Enamorus|Superpower|p1a: Corviknight
|-damage|p1a: Corviknight|0 fnt
|-boost|p2a: Enamorus|atk|1
|-boost|p2a: Enamorus|def|1
|faint|p1a: Corviknight
|
|upkeep
|
|t:|1685824831
|switch|p1a: Ursaluna|Ursaluna, M|100/100
|turn|10
|
|t:|1685824839
|move|p2a: Enamorus|Superpower|p1a: Ursaluna
|-supereffective|p1a: Ursaluna
|-damage|p1a: Ursaluna|0 fnt
|-boost|p2a: Enamorus|atk|1
|-boost|p2a: Enamorus|def|1
|faint|p1a: Ursaluna
|
|upkeep
|
|t:|1685824841
|switch|p1a: Regidrago|Regidrago, shiny|100/100
|turn|11
|
|t:|1685824848
|move|p2a: Enamorus|Superpower|p1a: Regidrago
|-damage|p1a: Regidrago|0 fnt
|faint|p1a: Regidrago
|
|win|rivenamelia
|raw|Atreyu_Goku's rating: 1096 → 1065(-31 for losing)
|raw|rivenamelia's rating: 1000 → 1051(+51 for winning)
