|j|☆Mr.xiaohuang
|j|☆lucaviho
|t:|1685859045
|gametype|singles
|player|p1|Mr.xiaohuang|volkner|1266
|player|p2|lucaviho|steven-masters2|1219
|teamsize|p1|6
|teamsize|p2|6
|gen|9
|tier|[Gen 9] OU
|rated|
|rule|Sleep Clause Mod: Limit one foe put to sleep
|rule|Species Clause: Limit one of each Pokémon
|rule|OHKO Clause: OHKO moves are banned
|rule|Evasion Items Clause: Evasion items are banned
|rule|Evasion Moves Clause: Evasion moves are banned
|rule|Endless Battle Clause: Forcing endless battles is banned
|rule|HP Percentage Mod: HP is shown in percentages
|clearpoke
|poke|p1|Lilligant-Hisui, F|
|poke|p1|Torkoal, F|
|poke|p1|Walking Wake|
|poke|p1|Typhlosion-Hisui, F|
|poke|p1|Hatterene, F|
|poke|p1|Great Tusk|
|poke|p2|Hatterene, F|
|poke|p2|Iron Hands|
|poke|p2|Torkoal, M|
|poke|p2|Mimikyu, M|
|poke|p2|Indeedee-F, F|
|poke|p2|Rabsca, F|
|teampreview
|inactive|Battle timer is ON: inactive players will automatically lose when time's up. (requested by lucaviho)
|
|t:|1685859071
|start
|switch|p1a: Lilligant|Lilligant-Hisui, F|100/100
|switch|p2a: Hatterene|Hatterene, F|100/100
|turn|1
|
|t:|1685859077
|move|p1a: Lilligant|Victory Dance|p1a: Lilligant
|-boost|p1a: Lilligant|atk|1
|-boost|p1a: Lilligant|def|1
|-boost|p1a: Lilligant|spe|1
|move|p2a: Hatterene|Trick Room|p2a: Hatterene
|-fieldstart|move: Trick Room|[of] p2a: Hatterene
|
|upkeep
|turn|2
|
|t:|1685859084
|switch|p1a: Torkoal|Torkoal, F|100/100
|-weather|SunnyDay|[from] ability: Drought|[of] p1a: Torkoal
|move|p2a: Hatterene|Healing Wish|p2a: Hatterene
|faint|p2a: Hatterene
|
|-weather|SunnyDay|[upkeep]
|upkeep
|
|t:|1685859093
|switch|p2a: Torkoal|Torkoal, M|100/100
|turn|3
|
|t:|1685859097
|-terastallize|p2a: Torkoal|Fire
|move|p2a: Torkoal|Eruption|p1a: Torkoal
|-resisted|p1a: Torkoal
|-damage|p1a: Torkoal|0 fnt
|faint|p1a: Torkoal
|
|-weather|SunnyDay|[upkeep]
|upkeep
|
|t:|1685859103
|switch|p1a: Walking Wake|Walking Wake|100/100
|-activate|p1a: Walking Wake|ability: Protosynthesis
|-start|p1a: Walking Wake|protosynthesisspa
|turn|4
|
|t:|1685859108
|move|p2a: Torkoal|Eruption|p1a: Walking Wake
|-resisted|p1a: Walking Wake
|-crit|p1a: Walking Wake
|-damage|p1a: Walking Wake|13/100
|move|p1a: Walking Wake|Hydro Steam|p2a: Torkoal
|-supereffective|p2a: Torkoal
|-damage|p2a: Torkoal|0 fnt
|faint|p2a: Torkoal
|
|-weather|SunnyDay|[upkeep]
|upkeep
|
|t:|1685859118
|switch|p2a: Iron Hands|Iron Hands|100/100
|turn|5
|
|t:|1685859124
|-end|p1a: Walking Wake|Protosynthesis|[silent]
|switch|p1a: Hatterene|Hatterene, F|100/100
|move|p2a: Iron Hands|Earthquake|p1a: Hatterene
|-damage|p1a: Hatterene|65/100
|-enditem|p1a: Hatterene|Eject Button
|
|t:|1685859132
|switch|p1a: Typhlosion|Typhlosion-Hisui, F|100/100
|
|-weather|SunnyDay|[upkeep]
|-fieldend|move: Trick Room
|upkeep
|turn|6
|
|t:|1685859144
|-end|p2a: Iron Hands|Quark Drive|[silent]
|switch|p2a: Mimikyu|Mimikyu, M|100/100
|move|p1a: Typhlosion|Eruption|p2a: Mimikyu
|-activate|p2a: Mimikyu|ability: Disguise
|-damage|p2a: Mimikyu|100/100
|detailschange|p2a: Mimikyu|Mimikyu-Busted, M
|-damage|p2a: Mimikyu|88/100|[from] pokemon: Mimikyu-Busted
|
|-weather|SunnyDay|[upkeep]
|-status|p2a: Mimikyu|tox|[from] item: Toxic Orb
|upkeep
|turn|7
|
|t:|1685859161
|move|p1a: Typhlosion|Eruption|p2a: Mimikyu
|-damage|p2a: Mimikyu|0 fnt
|faint|p2a: Mimikyu
|
|-weather|SunnyDay|[upkeep]
|upkeep
|
|t:|1685859166
|switch|p2a: Rabsca|Rabsca, F|100/100
|turn|8
|
|t:|1685859169
|move|p1a: Typhlosion|Eruption|p2a: Rabsca
|-supereffective|p2a: Rabsca
|-enditem|p2a: Rabsca|Focus Sash
|-damage|p2a: Rabsca|1/100
|move|p2a: Rabsca|Trick Room|p2a: Rabsca
|-fieldstart|move: Trick Room|[of] p2a: Rabsca
|
|-weather|SunnyDay|[upkeep]
|upkeep
|turn|9
|
|t:|1685859178
|move|p2a: Rabsca|Revival Blessing|p2a: Rabsca
|
|t:|1685859180
|-heal|p2: Torkoal|50/100|[from] move: Revival Blessing
|move|p1a: Typhlosion|Eruption|p2a: Rabsca
|-supereffective|p2a: Rabsca
|-damage|p2a: Rabsca|0 fnt
|faint|p2a: Rabsca
|
|-weather|none
|upkeep
|
|t:|1685859187
|switch|p2a: Torkoal|Torkoal, M|50/100
|-heal|p2a: Torkoal|100/100|[from] move: Healing Wish
|-weather|SunnyDay|[from] ability: Drought|[of] p2a: Torkoal
|turn|10
|
|t:|1685859215
|switch|p1a: Lilligant|Lilligant-Hisui, F|100/100
|move|p2a: Torkoal|Eruption|p1a: Lilligant
|-supereffective|p1a: Lilligant
|-damage|p1a: Lilligant|0 fnt
|faint|p1a: Lilligant
|
|-weather|SunnyDay|[upkeep]
|upkeep
|inactive|Mr.xiaohuang has 120 seconds left.
|
|t:|1685859231
|switch|p1a: Great Tusk|Great Tusk|100/100
|-activate|p1a: Great Tusk|ability: Protosynthesis
|-start|p1a: Great Tusk|protosynthesisatk
|turn|11
|
|t:|1685859236
|move|p2a: Torkoal|Eruption|p1a: Great Tusk
|-damage|p1a: Great Tusk|0 fnt
|faint|p1a: Great Tusk
|-end|p1a: Great Tusk|Protosynthesis|[silent]
|
|-weather|SunnyDay|[upkeep]
|upkeep
|
|t:|1685859245
|switch|p1a: Typhlosion|Typhlosion-Hisui, F|100/100
|turn|12
|
|t:|1685859252
|move|p2a: Torkoal|Eruption|p1a: Typhlosion
|-resisted|p1a: Typhlosion
|-damage|p1a: Typhlosion|7/100
|move|p1a: Typhlosion|Infernal Parade|p2a: Torkoal
|-damage|p2a: Torkoal|62/100
|
|-weather|SunnyDay|[upkeep]
|-fieldend|move: Trick Room
|upkeep
|turn|13
|
|t:|1685859264
|switch|p1a: Hatterene|Hatterene, F|65/100
|move|p2a: Torkoal|Eruption|p1a: Hatterene
|-damage|p1a: Hatterene|0 fnt
|faint|p1a: Hatterene
|
|-weather|SunnyDay|[upkeep]
|upkeep
|
|t:|1685859270
|switch|p1a: Walking Wake|Walking Wake|13/100
|-activate|p1a: Walking Wake|ability: Protosynthesis
|-start|p1a: Walking Wake|protosynthesisspa
|turn|14
|
|t:|1685859277
|move|p1a: Walking Wake|Hydro Steam|p2a: Torkoal
|-supereffective|p2a: Torkoal
|-damage|p2a: Torkoal|0 fnt
|faint|p2a: Torkoal
|
|-weather|none
|-end|p1a: Walking Wake|Protosynthesis
|upkeep
|
|t:|1685859280
|switch|p2a: Indeedee|Indeedee-F, F|100/100
|-fieldstart|move: Psychic Terrain|[from] ability: Psychic Surge|[of] p2a: Indeedee
|turn|15
|
|t:|1685859283
|move|p1a: Walking Wake|Hydro Steam|p2a: Indeedee
|-damage|p2a: Indeedee|43/100
|move|p2a: Indeedee|Trick Room|p2a: Indeedee
|-fieldstart|move: Trick Room|[of] p2a: Indeedee
|
|upkeep
|turn|16
|
|t:|1685859291
|move|p2a: Indeedee|Energy Ball|p1a: Walking Wake
|-damage|p1a: Walking Wake|0 fnt
|faint|p1a: Walking Wake
|-end|p1a: Walking Wake|Protosynthesis|[silent]
|
|upkeep
|
|t:|1685859296
|switch|p1a: Typhlosion|Typhlosion-Hisui, F|7/100
|turn|17
|-message|Mr.xiaohuang forfeited.
|
|win|lucaviho
|raw|Mr.xiaohuang's rating: 1266 → 1238(-28 for losing)
|raw|lucaviho's rating: 1219 → 1247(+28 for winning)
|l|☆Mr.xiaohuang
