|j|☆PocketMonsterBlitz
|j|☆PLAYB0I R0BBIE B
|t:|1685923626
|gametype|singles
|player|p1|PocketMonsterBlitz|clair|1311
|player|p2|PLAYB0I R0BBIE B|pokemonranger-gen4|1418
|teamsize|p1|6
|teamsize|p2|6
|gen|9
|tier|[Gen 9] OU
|rated|
|rule|Sleep Clause Mod: Limit one foe put to sleep
|rule|Species Clause: Limit one of each Pokémon
|rule|OHKO Clause: OHKO moves are banned
|rule|Evasion Items Clause: Evasion items are banned
|rule|Evasion Moves Clause: Evasion moves are banned
|rule|Endless Battle Clause: Forcing endless battles is banned
|rule|HP Percentage Mod: HP is shown in percentages
|clearpoke
|poke|p1|Garganacl, M|
|poke|p1|Ditto|
|poke|p1|Kingambit, F|
|poke|p1|Dragonite, M|
|poke|p1|Skeledirge, M|
|poke|p1|Iron Valiant|
|poke|p2|Samurott-Hisui, F|
|poke|p2|Landorus-Therian, M|
|poke|p2|Dragapult, F|
|poke|p2|Sneasler, F|
|poke|p2|Gholdengo|
|poke|p2|Magearna|
|teampreview
|c|☆PocketMonsterBlitz|what do you have on that magearna
|c|☆PLAYB0I R0BBIE B|spikes
|c|☆PocketMonsterBlitz|better not be calm mind + iron defense
|c|☆PocketMonsterBlitz|thank you
|
|t:|1685923663
|start
|switch|p1a: Ditto|Ditto|100/100
|switch|p2a: Samurott|Samurott-Hisui, F|100/100
|-transform|p1a: Ditto|p2a: Samurott|[from] ability: Imposter
|turn|1
|
|t:|1685923669
|switch|p2a: Landorus|Landorus-Therian, M|100/100
|-ability|p2a: Landorus|Intimidate|boost
|-unboost|p1a: Ditto|atk|1
|move|p1a: Ditto|Sacred Sword|p2a: Landorus
|-resisted|p2a: Landorus
|-crit|p2a: Landorus
|-damage|p2a: Landorus|77/100
|-damage|p1a: Ditto|84/100|[from] item: Rocky Helmet|[of] p2a: Landorus
|
|upkeep
|turn|2
|
|t:|1685923688
|switch|p1a: Garganacl|Garganacl, M|100/100
|move|p2a: Landorus|U-turn|p1a: Garganacl
|-damage|p1a: Garganacl|86/100
|
|t:|1685923693
|switch|p2a: Samurott|Samurott-Hisui, F|100/100|[from] U-turn
|
|-heal|p1a: Garganacl|92/100|[from] item: Leftovers
|upkeep
|turn|3
|
|t:|1685923698
|move|p2a: Samurott|Ceaseless Edge|p1a: Garganacl
|-damage|p1a: Garganacl|62/100
|-sidestart|p1: PocketMonsterBlitz|Spikes
|move|p1a: Garganacl|Salt Cure|p2a: Samurott
|-damage|p2a: Samurott|83/100
|-start|p2a: Samurott|Salt Cure
|
|-heal|p1a: Garganacl|68/100|[from] item: Leftovers
|-damage|p2a: Samurott|58/100|[from] Salt Cure
|upkeep
|turn|4
|
|t:|1685923713
|move|p2a: Samurott|Ceaseless Edge|p1a: Garganacl
|-damage|p1a: Garganacl|40/100
|-sidestart|p1: PocketMonsterBlitz|Spikes
|move|p1a: Garganacl|Iron Defense|p1a: Garganacl
|-boost|p1a: Garganacl|def|2
|
|-heal|p1a: Garganacl|46/100|[from] item: Leftovers
|-damage|p2a: Samurott|33/100|[from] Salt Cure
|upkeep
|turn|5
|
|t:|1685923721
|move|p2a: Samurott|Sacred Sword|p1a: Garganacl
|-supereffective|p1a: Garganacl
|-damage|p1a: Garganacl|0 fnt
|faint|p1a: Garganacl
|
|-damage|p2a: Samurott|8/100|[from] Salt Cure
|upkeep
|
|t:|1685923752
|switch|p1a: Ditto|Ditto|84/100
|-damage|p1a: Ditto|68/100|[from] Spikes
|-transform|p1a: Ditto|p2a: Samurott|[from] ability: Imposter
|turn|6
|
|t:|1685923762
|move|p2a: Samurott|Sucker Punch|p1a: Ditto
|-resisted|p1a: Ditto
|-damage|p1a: Ditto|46/100
|move|p1a: Ditto|Razor Shell|p2a: Samurott
|-resisted|p2a: Samurott
|-damage|p2a: Samurott|0 fnt
|faint|p2a: Samurott
|
|upkeep
|
|t:|1685923784
|switch|p2a: Landorus|Landorus-Therian, M|77/100
|-ability|p2a: Landorus|Intimidate|boost
|-unboost|p1a: Ditto|atk|1
|turn|7
|
|t:|1685923789
|switch|p2a: Gholdengo|Gholdengo|100/100
|move|p1a: Ditto|Razor Shell|p2a: Gholdengo
|-damage|p2a: Gholdengo|69/100
|
|upkeep
|turn|8
|
|t:|1685923807
|move|p1a: Ditto|Razor Shell|p2a: Gholdengo
|-damage|p2a: Gholdengo|37/100
|move|p2a: Gholdengo|Nasty Plot|p2a: Gholdengo
|-boost|p2a: Gholdengo|spa|2
|
|upkeep
|turn|9
|
|t:|1685923813
|move|p1a: Ditto|Razor Shell|p2a: Gholdengo
|-damage|p2a: Gholdengo|1/100
|move|p2a: Gholdengo|Recover|p2a: Gholdengo
|-heal|p2a: Gholdengo|51/100
|
|upkeep
|turn|10
|
|t:|1685923821
|move|p1a: Ditto|Razor Shell|p2a: Gholdengo
|-damage|p2a: Gholdengo|19/100
|move|p2a: Gholdengo|Recover|p2a: Gholdengo
|-heal|p2a: Gholdengo|69/100
|
|upkeep
|turn|11
|
|t:|1685923836
|switch|p1a: Dragonite|Dragonite, M|100/100
|move|p2a: Gholdengo|Shadow Ball|p1a: Dragonite
|-crit|p1a: Dragonite
|-damage|p1a: Dragonite|34/100
|
|upkeep
|turn|12
|
|t:|1685923849
|move|p1a: Dragonite|Earthquake|p2a: Gholdengo
|-supereffective|p2a: Gholdengo
|-damage|p2a: Gholdengo|0 fnt
|faint|p2a: Gholdengo
|
|upkeep
|
|t:|1685923860
|switch|p2a: Landorus|Landorus-Therian, M|77/100
|-ability|p2a: Landorus|Intimidate|boost
|-unboost|p1a: Dragonite|atk|1
|turn|13
|
|t:|1685923884
|move|p1a: Dragonite|Roost|p1a: Dragonite
|-heal|p1a: Dragonite|84/100
|-singleturn|p1a: Dragonite|move: Roost
|move|p2a: Landorus|Stone Edge|p1a: Dragonite
|-damage|p1a: Dragonite|51/100
|
|upkeep
|turn|14
|
|t:|1685923891
|move|p1a: Dragonite|Roost|p1a: Dragonite
|-heal|p1a: Dragonite|100/100
|-singleturn|p1a: Dragonite|move: Roost
|move|p2a: Landorus|U-turn|p1a: Dragonite
|-damage|p1a: Dragonite|87/100
|
|t:|1685923893
|switch|p2a: Dragapult|Dragapult, F|100/100|[from] U-turn
|
|upkeep
|turn|15
|
|t:|1685923901
|switch|p1a: Iron Valiant|Iron Valiant|100/100
|-damage|p1a: Iron Valiant|84/100|[from] Spikes
|move|p2a: Dragapult|Will-O-Wisp|p1a: Iron Valiant
|-status|p1a: Iron Valiant|brn
|
|-damage|p1a: Iron Valiant|78/100 brn|[from] brn
|upkeep
|turn|16
|
|t:|1685923915
|move|p2a: Dragapult|Hex|p1a: Iron Valiant
|-damage|p1a: Iron Valiant|0 fnt
|faint|p1a: Iron Valiant
|-end|p1a: Iron Valiant|Quark Drive|[silent]
|
|upkeep
|
|t:|1685923931
|switch|p1a: Ditto|Ditto|46/100
|-damage|p1a: Ditto|29/100|[from] Spikes
|-transform|p1a: Ditto|p2a: Dragapult|[from] ability: Imposter
|turn|17
|
|t:|1685923941
|switch|p2a: Magearna|Magearna|100/100
|move|p1a: Ditto|Hex|p2a: Magearna
|-damage|p2a: Magearna|71/100
|
|-heal|p2a: Magearna|77/100|[from] item: Leftovers
|upkeep
|turn|18
|
|t:|1685923949
|switch|p1a: Skeledirge|Skeledirge, M|100/100
|move|p2a: Magearna|Shift Gear|p2a: Magearna
|-boost|p2a: Magearna|spe|2
|-boost|p2a: Magearna|atk|1
|
|-heal|p2a: Magearna|83/100|[from] item: Leftovers
|upkeep
|turn|19
|
|t:|1685923964
|switch|p2a: Landorus|Landorus-Therian, M|77/100
|-ability|p2a: Landorus|Intimidate|boost
|-unboost|p1a: Skeledirge|atk|1
|move|p1a: Skeledirge|Torch Song|p2a: Landorus
|-damage|p2a: Landorus|46/100
|-boost|p1a: Skeledirge|spa|1
|
|upkeep
|turn|20
|
|t:|1685924016
|move|p2a: Landorus|Earthquake|p1a: Skeledirge
|-supereffective|p1a: Skeledirge
|-damage|p1a: Skeledirge|42/100
|move|p1a: Skeledirge|Torch Song|p2a: Landorus
|-crit|p2a: Landorus
|-damage|p2a: Landorus|0 fnt
|-boost|p1a: Skeledirge|spa|1
|faint|p2a: Landorus
|
|upkeep
|
|t:|1685924027
|switch|p2a: Dragapult|Dragapult, F|100/100
|turn|21
|
|t:|1685924046
|-terastallize|p1a: Skeledirge|Fairy
|move|p2a: Dragapult|Hex|p1a: Skeledirge
|-damage|p1a: Skeledirge|14/100
|move|p1a: Skeledirge|Hex|p2a: Dragapult
|-supereffective|p2a: Dragapult
|-damage|p2a: Dragapult|0 fnt
|faint|p2a: Dragapult
|
|upkeep
|
|t:|1685924052
|switch|p2a: Magearna|Magearna|83/100
|turn|22
|inactive|Battle timer is ON: inactive players will automatically lose when time's up. (requested by PLAYB0I R0BBIE B)
|
|t:|1685924073
|-terastallize|p2a: Magearna|Water
|move|p2a: Magearna|Calm Mind|p2a: Magearna
|-boost|p2a: Magearna|spa|1
|-boost|p2a: Magearna|spd|1
|move|p1a: Skeledirge|Torch Song|p2a: Magearna
|-resisted|p2a: Magearna
|-damage|p2a: Magearna|54/100
|-boost|p1a: Skeledirge|spa|1
|
|-heal|p2a: Magearna|60/100|[from] item: Leftovers
|upkeep
|turn|23
|
|t:|1685924084
|move|p2a: Magearna|Draining Kiss|p1a: Skeledirge
|-damage|p1a: Skeledirge|0 fnt
|-heal|p2a: Magearna|74/100|[from] drain|[of] p1a: Skeledirge
|faint|p1a: Skeledirge
|-ability|p2a: Magearna|Soul-Heart|boost
|-boost|p2a: Magearna|spa|1
|
|-heal|p2a: Magearna|80/100|[from] item: Leftovers
|upkeep
|
|t:|1685924095
|switch|p1a: Ditto|Ditto|29/100
|-damage|p1a: Ditto|13/100|[from] Spikes
|-transform|p1a: Ditto|p2a: Magearna|[from] ability: Imposter
|-start|p1a: Ditto|typechange|Steel/Fairy|[silent]
|turn|24
|
|t:|1685924112
|move|p1a: Ditto|Stored Power|p2a: Magearna
|-damage|p2a: Magearna|43/100
|move|p2a: Magearna|Draining Kiss|p1a: Ditto
|-resisted|p1a: Ditto
|-damage|p1a: Ditto|0 fnt
|-heal|p2a: Magearna|52/100|[from] drain|[of] p1a: Ditto
|faint|p1a: Ditto
|-ability|p2a: Magearna|Soul-Heart|boost
|-boost|p2a: Magearna|spa|1
|
|-heal|p2a: Magearna|58/100|[from] item: Leftovers
|upkeep
|
|t:|1685924126
|switch|p1a: Dragonite|Dragonite, M|87/100
|turn|25
|inactive|PocketMonsterBlitz has 120 seconds left.
|
|t:|1685924151
|move|p1a: Dragonite|Extreme Speed|p2a: Magearna
|-crit|p2a: Magearna
|-damage|p2a: Magearna|17/100
|move|p2a: Magearna|Draining Kiss|p1a: Dragonite
|-supereffective|p1a: Dragonite
|-crit|p1a: Dragonite
|-damage|p1a: Dragonite|0 fnt
|-heal|p2a: Magearna|87/100|[from] drain|[of] p1a: Dragonite
|faint|p1a: Dragonite
|-ability|p2a: Magearna|Soul-Heart|boost
|-boost|p2a: Magearna|spa|1
|
|-heal|p2a: Magearna|93/100|[from] item: Leftovers
|upkeep
|
|t:|1685924162
|switch|p1a: Kingambit|Kingambit, F|100/100
|-damage|p1a: Kingambit|84/100|[from] Spikes
|-activate|p1a: Kingambit|ability: Supreme Overlord
|-start|p1a: Kingambit|fallen5|[silent]
|turn|26
|
|t:|1685924168
|move|p2a: Magearna|Draining Kiss|p1a: Kingambit
|-damage|p1a: Kingambit|0 fnt
|-heal|p2a: Magearna|100/100|[from] drain|[of] p1a: Kingambit
|faint|p1a: Kingambit
|-end|p1a: Kingambit|fallen5|[silent]
|
|win|PLAYB0I R0BBIE B
|raw|PocketMonsterBlitz's rating: 1311 → 1297(-14 for losing)
|raw|PLAYB0I R0BBIE B's rating: 1418 → 1432(+14 for winning)
|l|☆PocketMonsterBlitz
