|j|☆vezon46
|j|☆shy&sassy alice
|t:|1685920265
|gametype|singles
|player|p1|vezon46|janitor|1216
|player|p2|shy&sassy alice|cogita|1322
|teamsize|p1|6
|teamsize|p2|6
|gen|9
|tier|[Gen 9] OU
|rated|
|rule|Sleep Clause Mod: Limit one foe put to sleep
|rule|Species Clause: Limit one of each Pokémon
|rule|OHKO Clause: OHKO moves are banned
|rule|Evasion Items Clause: Evasion items are banned
|rule|Evasion Moves Clause: Evasion moves are banned
|rule|Endless Battle Clause: Forcing endless battles is banned
|rule|HP Percentage Mod: HP is shown in percentages
|clearpoke
|poke|p1|Torkoal, F|
|poke|p1|Hatterene, F|
|poke|p1|Arcanine-Hisui, M|
|poke|p1|Walking Wake|
|poke|p1|Lilligant-Hisui, F|
|poke|p1|Sandy Shocks|
|poke|p2|Typhlosion-Hisui, M|
|poke|p2|Garchomp, F|
|poke|p2|Sneasler, M|
|poke|p2|Walking Wake|
|poke|p2|Great Tusk|
|poke|p2|Magearna|
|teampreview
|inactive|Battle timer is ON: inactive players will automatically lose when time's up. (requested by vezon46)
|
|t:|1685920281
|start
|switch|p1a: Torkoal|Torkoal, F|100/100
|switch|p2a: Walking Wake|Walking Wake|100/100
|-weather|SunnyDay|[from] ability: Drought|[of] p1a: Torkoal
|-activate|p2a: Walking Wake|ability: Protosynthesis
|-start|p2a: Walking Wake|protosynthesisspa
|turn|1
|
|t:|1685920296
|switch|p1a: Hatterene|Hatterene, F|100/100
|move|p2a: Walking Wake|Hydro Steam|p1a: Hatterene
|-damage|p1a: Hatterene|12/100
|-enditem|p1a: Hatterene|Eject Button
|
|t:|1685920308
|switch|p1a: Walking Wake|Walking Wake|100/100
|-activate|p1a: Walking Wake|ability: Protosynthesis
|-start|p1a: Walking Wake|protosynthesisspe
|
|-weather|SunnyDay|[upkeep]
|upkeep
|turn|2
|
|t:|1685920320
|move|p1a: Walking Wake|Draco Meteor|p2a: Walking Wake
|-supereffective|p2a: Walking Wake
|-crit|p2a: Walking Wake
|-damage|p2a: Walking Wake|0 fnt
|-unboost|p1a: Walking Wake|spa|2
|faint|p2a: Walking Wake
|-end|p2a: Walking Wake|Protosynthesis|[silent]
|
|-weather|SunnyDay|[upkeep]
|upkeep
|
|t:|1685920329
|switch|p2a: Magearna|Magearna|100/100
|turn|3
|
|t:|1685920335
|-end|p1a: Walking Wake|Protosynthesis|[silent]
|switch|p1a: Arcanine|Arcanine-Hisui, M|100/100
|move|p2a: Magearna|Shift Gear|p2a: Magearna
|-boost|p2a: Magearna|spe|2
|-boost|p2a: Magearna|atk|1
|
|-weather|SunnyDay|[upkeep]
|upkeep
|turn|4
|
|t:|1685920343
|move|p2a: Magearna|Flash Cannon|p1a: Arcanine
|-damage|p1a: Arcanine|48/100
|move|p1a: Arcanine|Flare Blitz|p2a: Magearna
|-supereffective|p2a: Magearna
|-damage|p2a: Magearna|0 fnt
|faint|p2a: Magearna
|
|-weather|SunnyDay|[upkeep]
|upkeep
|
|t:|1685920349
|switch|p2a: Garchomp|Garchomp, F|100/100
|turn|5
|
|t:|1685920355
|switch|p1a: Hatterene|Hatterene, F|12/100
|move|p2a: Garchomp|Earthquake|p1a: Hatterene
|-damage|p1a: Hatterene|0 fnt
|faint|p1a: Hatterene
|
|-weather|SunnyDay|[upkeep]
|upkeep
|
|t:|1685920364
|switch|p1a: Walking Wake|Walking Wake|100/100
|-activate|p1a: Walking Wake|ability: Protosynthesis
|-start|p1a: Walking Wake|protosynthesisspe
|turn|6
|c|☆shy&sassy alice|ofc time to spam walking wake
|
|t:|1685920378
|move|p1a: Walking Wake|Draco Meteor|p2a: Garchomp
|-supereffective|p2a: Garchomp
|-damage|p2a: Garchomp|0 fnt
|-unboost|p1a: Walking Wake|spa|2
|faint|p2a: Garchomp
|
|-weather|SunnyDay|[upkeep]
|upkeep
|
|t:|1685920385
|switch|p2a: Sneasler|Sneasler, M|100/100
|-item|p2a: Sneasler|Air Balloon
|turn|7
|
|t:|1685920389
|move|p1a: Walking Wake|Draco Meteor|p2a: Sneasler
|-damage|p2a: Sneasler|34/100
|-unboost|p1a: Walking Wake|spa|2
|-enditem|p2a: Sneasler|Air Balloon
|move|p2a: Sneasler|Swords Dance|p2a: Sneasler
|-boost|p2a: Sneasler|atk|2
|
|-weather|SunnyDay|[upkeep]
|upkeep
|turn|8
|c|☆vezon46|Yes
|
|t:|1685920399
|move|p2a: Sneasler|Dire Claw|p1a: Walking Wake
|-damage|p1a: Walking Wake|5/100
|move|p1a: Walking Wake|Draco Meteor|p2a: Sneasler
|-damage|p2a: Sneasler|0 fnt
|-unboost|p1a: Walking Wake|spa|2
|faint|p2a: Sneasler
|
|-weather|none
|-end|p1a: Walking Wake|Protosynthesis
|upkeep
|
|t:|1685920405
|switch|p2a: Great Tusk|Great Tusk|100/100
|turn|9
|
|t:|1685920413
|move|p1a: Walking Wake|Draco Meteor|p2a: Great Tusk
|-damage|p2a: Great Tusk|63/100
|move|p2a: Great Tusk|Rapid Spin|p1a: Walking Wake
|-damage|p1a: Walking Wake|0 fnt
|-boost|p2a: Great Tusk|spe|1
|faint|p1a: Walking Wake
|-end|p1a: Walking Wake|Protosynthesis|[silent]
|
|upkeep
|
|t:|1685920421
|switch|p1a: Torkoal|Torkoal, F|100/100
|-weather|SunnyDay|[from] ability: Drought|[of] p1a: Torkoal
|-activate|p2a: Great Tusk|ability: Protosynthesis
|-start|p2a: Great Tusk|protosynthesisspe
|turn|10
|
|t:|1685920428
|move|p2a: Great Tusk|Earthquake|p1a: Torkoal
|-supereffective|p1a: Torkoal
|-damage|p1a: Torkoal|17/100
|move|p1a: Torkoal|Yawn|p2a: Great Tusk
|-start|p2a: Great Tusk|move: Yawn|[of] p1a: Torkoal
|
|-weather|SunnyDay|[upkeep]
|upkeep
|turn|11
|
|t:|1685920437
|move|p2a: Great Tusk|Earthquake|p1a: Torkoal
|-supereffective|p1a: Torkoal
|-damage|p1a: Torkoal|0 fnt
|faint|p1a: Torkoal
|
|-weather|SunnyDay|[upkeep]
|-end|p2a: Great Tusk|move: Yawn|[silent]
|-status|p2a: Great Tusk|slp
|upkeep
|
|t:|1685920445
|switch|p1a: Lilligant|Lilligant-Hisui, F|100/100
|turn|12
|
|t:|1685920449
|cant|p2a: Great Tusk|slp
|move|p1a: Lilligant|Swords Dance|p1a: Lilligant
|-boost|p1a: Lilligant|atk|2
|
|-weather|SunnyDay|[upkeep]
|upkeep
|turn|13
|
|t:|1685920456
|cant|p2a: Great Tusk|slp
|move|p1a: Lilligant|Solar Blade||[still]
|-prepare|p1a: Lilligant|Solar Blade
|-anim|p1a: Lilligant|Solar Blade|p2a: Great Tusk
|-supereffective|p2a: Great Tusk
|-damage|p2a: Great Tusk|0 fnt
|faint|p2a: Great Tusk
|-end|p2a: Great Tusk|Protosynthesis|[silent]
|-damage|p1a: Lilligant|91/100|[from] item: Life Orb
|
|-weather|SunnyDay|[upkeep]
|upkeep
|
|t:|1685920461
|switch|p2a: Typhlosion|Typhlosion-Hisui, M|100/100
|turn|14
|
|t:|1685920469
|move|p1a: Lilligant|Solar Blade||[still]
|-prepare|p1a: Lilligant|Solar Blade
|-anim|p1a: Lilligant|Solar Blade|p2a: Typhlosion
|-resisted|p2a: Typhlosion
|-damage|p2a: Typhlosion|0 fnt
|faint|p2a: Typhlosion
|-damage|p1a: Lilligant|81/100|[from] item: Life Orb
|
|win|vezon46
|raw|vezon46's rating: 1216 → 1248(+32 for winning)
|raw|shy&sassy alice's rating: 1322 → 1296(-26 for losing)
|c|☆vezon46|GG
|l|☆shy&sassy alice
