|j|☆Mekontchou111
|j|☆Victitor0512
|t:|1685881981
|gametype|singles
|player|p1|Mekontchou111|101|1387
|player|p2|Victitor0512|ghetsis|1428
|teamsize|p1|6
|teamsize|p2|6
|gen|9
|tier|[Gen 9] OU
|rated|
|rule|Sleep Clause Mod: Limit one foe put to sleep
|rule|Species Clause: Limit one of each Pokémon
|rule|OHKO Clause: OHKO moves are banned
|rule|Evasion Items Clause: Evasion items are banned
|rule|Evasion Moves Clause: Evasion moves are banned
|rule|Endless Battle Clause: Forcing endless battles is banned
|rule|HP Percentage Mod: HP is shown in percentages
|clearpoke
|poke|p1|Baxcalibur, F|
|poke|p1|Gholdengo|
|poke|p1|Great Tusk|
|poke|p1|Kingambit, M|
|poke|p1|Corviknight, F|
|poke|p1|Slowking, M|
|poke|p2|Landorus-Therian, M|
|poke|p2|Corviknight, M|
|poke|p2|Slowking-Galar, M|
|poke|p2|Samurott-Hisui, M|
|poke|p2|Chien-Pao|
|poke|p2|Magearna|
|teampreview
|inactive|Battle timer is ON: inactive players will automatically lose when time's up. (requested by Victitor0512)
|
|t:|1685882003
|start
|switch|p1a: Great Tusk|Great Tusk|100/100
|switch|p2a: Landorus|Landorus-Therian, M, shiny|100/100
|-ability|p2a: Landorus|Intimidate|boost
|-unboost|p1a: Great Tusk|atk|1
|turn|1
|
|t:|1685882012
|move|p2a: Landorus|U-turn|p1a: Great Tusk
|-resisted|p1a: Great Tusk
|-damage|p1a: Great Tusk|96/100
|-damage|p2a: Landorus|84/100|[from] item: Rocky Helmet|[of] p1a: Great Tusk
|
|t:|1685882028
|switch|p2a: Magearna|Magearna|100/100|[from] U-turn
|move|p1a: Great Tusk|Stealth Rock|p2a: Magearna
|-sidestart|p2: Victitor0512|move: Stealth Rock
|
|upkeep
|turn|2
|
|t:|1685882047
|-end|p1a: Great Tusk|Protosynthesis|[silent]
|switch|p1a: Corviknight|Corviknight, F|100/100
|-ability|p1a: Corviknight|Pressure
|-terastallize|p2a: Magearna|Flying
|move|p2a: Magearna|Iron Defense|p2a: Magearna
|-boost|p2a: Magearna|def|2
|
|upkeep
|turn|3
|
|t:|1685882057
|move|p2a: Magearna|Calm Mind|p2a: Magearna
|-boost|p2a: Magearna|spa|1
|-boost|p2a: Magearna|spd|1
|move|p1a: Corviknight|U-turn|p2a: Magearna
|-resisted|p2a: Magearna
|-damage|p2a: Magearna|98/100
|
|t:|1685882065
|switch|p1a: Gholdengo|Gholdengo|100/100|[from] U-turn
|
|-heal|p2a: Magearna|100/100|[from] item: Leftovers
|upkeep
|turn|4
|
|t:|1685882072
|move|p1a: Gholdengo|Trick|p2a: Magearna
|-activate|p1a: Gholdengo|move: Trick|[of] p2a: Magearna
|-item|p2a: Magearna|Choice Scarf|[from] move: Trick
|-item|p1a: Gholdengo|Leftovers|[from] move: Trick
|move|p2a: Magearna|Calm Mind|p2a: Magearna
|-boost|p2a: Magearna|spa|1
|-boost|p2a: Magearna|spd|1
|
|upkeep
|turn|5
|
|t:|1685882098
|switch|p2a: Samurott|Samurott-Hisui, M|100/100
|-damage|p2a: Samurott|88/100|[from] Stealth Rock
|move|p1a: Gholdengo|Make It Rain|p2a: Samurott
|-resisted|p2a: Samurott
|-damage|p2a: Samurott|40/100
|-unboost|p1a: Gholdengo|spa|1
|
|upkeep
|turn|6
|
|t:|1685882113
|switch|p1a: Great Tusk|Great Tusk|96/100
|move|p2a: Samurott|Aqua Cutter|p1a: Great Tusk
|-supereffective|p1a: Great Tusk
|-damage|p1a: Great Tusk|52/100
|
|upkeep
|turn|7
|
|t:|1685882122
|move|p2a: Samurott|Aqua Cutter|p1a: Great Tusk
|-supereffective|p1a: Great Tusk
|-damage|p1a: Great Tusk|9/100
|move|p1a: Great Tusk|Earthquake|p2a: Samurott
|-damage|p2a: Samurott|0 fnt
|faint|p2a: Samurott
|
|upkeep
|
|t:|1685882132
|switch|p2a: Magearna|Magearna, tera:Flying|100/100
|-damage|p2a: Magearna|75/100|[from] Stealth Rock
|turn|8
|
|t:|1685882139
|move|p2a: Magearna|Draining Kiss|p1a: Great Tusk
|-supereffective|p1a: Great Tusk
|-damage|p1a: Great Tusk|0 fnt
|-heal|p2a: Magearna|83/100|[from] drain|[of] p1a: Great Tusk
|-damage|p2a: Magearna|67/100|[from] item: Rocky Helmet|[of] p1a: Great Tusk
|faint|p1a: Great Tusk
|-ability|p2a: Magearna|Soul-Heart|boost
|-boost|p2a: Magearna|spa|1
|-end|p1a: Great Tusk|Protosynthesis|[silent]
|
|upkeep
|
|t:|1685882152
|switch|p1a: Corviknight|Corviknight, F|100/100
|-ability|p1a: Corviknight|Pressure
|turn|9
|
|t:|1685882159
|move|p2a: Magearna|Draining Kiss|p1a: Corviknight
|-resisted|p1a: Corviknight
|-crit|p1a: Corviknight
|-damage|p1a: Corviknight|76/100
|-heal|p2a: Magearna|87/100|[from] drain|[of] p1a: Corviknight
|-damage|p2a: Magearna|70/100|[from] item: Rocky Helmet|[of] p1a: Corviknight
|move|p1a: Corviknight|U-turn|p2a: Magearna
|-resisted|p2a: Magearna
|-damage|p2a: Magearna|65/100
|
|t:|1685882169
|switch|p1a: Slowking|Slowking, M|100/100|[from] U-turn
|
|upkeep
|turn|10
|
|t:|1685882173
|move|p2a: Magearna|Draining Kiss|p1a: Slowking
|-damage|p1a: Slowking|80/100
|-heal|p2a: Magearna|82/100|[from] drain|[of] p1a: Slowking
|move|p1a: Slowking|Future Sight|p2a: Magearna
|-start|p1a: Slowking|move: Future Sight
|
|-heal|p1a: Slowking|86/100|[from] item: Leftovers
|upkeep
|turn|11
|
|t:|1685882181
|move|p2a: Magearna|Draining Kiss|p1a: Slowking
|-damage|p1a: Slowking|66/100
|-heal|p2a: Magearna|98/100|[from] drain|[of] p1a: Slowking
|move|p1a: Slowking|Chilly Reception|p1a: Slowking
|-weather|Snow
|
|t:|1685882188
|switch|p1a: Corviknight|Corviknight, F|76/100|[from] Chilly Reception
|-ability|p1a: Corviknight|Pressure
|
|-weather|Snow|[upkeep]
|upkeep
|turn|12
|
|t:|1685882197
|switch|p2a: Corviknight|Corviknight, M, shiny|100/100
|-damage|p2a: Corviknight|88/100|[from] Stealth Rock
|-ability|p2a: Corviknight|Pressure
|move|p1a: Corviknight|Roost|p1a: Corviknight
|-heal|p1a: Corviknight|100/100
|-singleturn|p1a: Corviknight|move: Roost
|
|-weather|Snow|[upkeep]
|-end|p2a: Corviknight|move: Future Sight
|-resisted|p2a: Corviknight
|-damage|p2a: Corviknight|67/100
|-heal|p2a: Corviknight|73/100|[from] item: Leftovers
|upkeep
|turn|13
|
|t:|1685882213
|move|p1a: Corviknight|Iron Defense|p1a: Corviknight
|-boost|p1a: Corviknight|def|2
|move|p2a: Corviknight|U-turn|p1a: Corviknight
|-resisted|p1a: Corviknight
|-damage|p1a: Corviknight|99/100
|-damage|p2a: Corviknight|56/100|[from] item: Rocky Helmet|[of] p1a: Corviknight
|
|t:|1685882219
|switch|p2a: Slowking|Slowking-Galar, M, shiny|100/100|[from] U-turn
|-damage|p2a: Slowking|88/100|[from] Stealth Rock
|
|-weather|Snow|[upkeep]
|upkeep
|turn|14
|
|t:|1685882235
|switch|p1a: Slowking|Slowking, M|99/100
|move|p2a: Slowking|Flamethrower|p1a: Slowking
|-resisted|p1a: Slowking
|-damage|p1a: Slowking|93/100
|
|-weather|Snow|[upkeep]
|-heal|p1a: Slowking|99/100|[from] item: Leftovers
|upkeep
|turn|15
|
|t:|1685882245
|switch|p2a: Corviknight|Corviknight, M, shiny|56/100
|-damage|p2a: Corviknight|44/100|[from] Stealth Rock
|-ability|p2a: Corviknight|Pressure
|move|p1a: Slowking|Chilly Reception|p1a: Slowking
|
|t:|1685882253
|switch|p1a: Gholdengo|Gholdengo|100/100|[from] Chilly Reception
|
|-weather|none
|-heal|p2a: Corviknight|50/100|[from] item: Leftovers
|upkeep
|turn|16
|
|t:|1685882269
|switch|p2a: Slowking|Slowking-Galar, M, shiny|100/100
|-damage|p2a: Slowking|88/100|[from] Stealth Rock
|move|p1a: Gholdengo|Shadow Ball|p2a: Slowking
|-supereffective|p2a: Slowking
|-crit|p2a: Slowking
|-damage|p2a: Slowking|32/100
|-unboost|p2a: Slowking|spd|1
|
|upkeep
|turn|17
|
|t:|1685882280
|switch|p2a: Chien-Pao|Chien-Pao|100/100
|-damage|p2a: Chien-Pao|76/100|[from] Stealth Rock
|-ability|p2a: Chien-Pao|Sword of Ruin
|move|p1a: Gholdengo|Shadow Ball|p2a: Chien-Pao
|-resisted|p2a: Chien-Pao
|-damage|p2a: Chien-Pao|41/100
|
|upkeep
|turn|18
|
|t:|1685882300
|-terastallize|p1a: Gholdengo|Fighting
|move|p2a: Chien-Pao|Crunch|p1a: Gholdengo
|-resisted|p1a: Gholdengo
|-damage|p1a: Gholdengo|55/100
|move|p1a: Gholdengo|Make It Rain|p2a: Chien-Pao
|-supereffective|p2a: Chien-Pao
|-damage|p2a: Chien-Pao|0 fnt
|-unboost|p1a: Gholdengo|spa|1
|faint|p2a: Chien-Pao
|
|-heal|p1a: Gholdengo|61/100|[from] item: Leftovers
|upkeep
|inactive|Victitor0512 has 120 seconds left.
|
|t:|1685882315
|switch|p2a: Magearna|Magearna, tera:Flying|98/100
|-damage|p2a: Magearna|73/100|[from] Stealth Rock
|turn|19
|
|t:|1685882321
|switch|p1a: Slowking|Slowking, M|100/100
|move|p2a: Magearna|Draining Kiss|p1a: Slowking
|-damage|p1a: Slowking|89/100
|-heal|p2a: Magearna|83/100|[from] drain|[of] p1a: Slowking
|
|-heal|p1a: Slowking|95/100|[from] item: Leftovers
|upkeep
|turn|20
|-message|Victitor0512 forfeited.
|
|win|Mekontchou111
|raw|Mekontchou111's rating: 1387 → 1409(+22 for winning)
|raw|Victitor0512's rating: 1428 → 1406(-22 for losing)
|l|☆Victitor0512
