|j|☆zwarteaapje
|j|☆darkzenkai31
|t:|1685878505
|gametype|singles
|player|p1|zwarteaapje|pokekid|1104
|player|p2|darkzenkai31|101|1051
|teamsize|p1|6
|teamsize|p2|6
|gen|9
|tier|[Gen 9] OU
|rated|
|rule|Sleep Clause Mod: Limit one foe put to sleep
|rule|Species Clause: Limit one of each Pokémon
|rule|OHKO Clause: OHKO moves are banned
|rule|Evasion Items Clause: Evasion items are banned
|rule|Evasion Moves Clause: Evasion moves are banned
|rule|Endless Battle Clause: Forcing endless battles is banned
|rule|HP Percentage Mod: HP is shown in percentages
|clearpoke
|poke|p1|Pelipper, F|
|poke|p1|Basculegion, M|
|poke|p1|Urshifu-*, M|
|poke|p1|Rotom-Wash|
|poke|p1|Zamazenta-*|
|poke|p1|Corviknight, M|
|poke|p2|Decidueye-Hisui, M|
|poke|p2|Ceruledge, M|
|poke|p2|Samurott-Hisui, M|
|poke|p2|Cinderace, M|
|poke|p2|Iron Valiant|
|poke|p2|Kingambit, M|
|teampreview
|inactive|Battle timer is ON: inactive players will automatically lose when time's up. (requested by darkzenkai31)
|
|t:|1685878512
|start
|switch|p1a: Pelipper|Pelipper, F|100/100
|switch|p2a: Decidueye|Decidueye-Hisui, M|100/100
|-weather|RainDance|[from] ability: Drizzle|[of] p1a: Pelipper
|turn|1
|
|t:|1685878524
|switch|p1a: Corviknight|Corviknight, M|100/100
|-ability|p1a: Corviknight|Pressure
|move|p2a: Decidueye|Leaf Blade|p1a: Corviknight
|-resisted|p1a: Corviknight
|-damage|p1a: Corviknight|94/100
|
|-weather|RainDance|[upkeep]
|-heal|p1a: Corviknight|100/100|[from] item: Leftovers
|upkeep
|turn|2
|
|t:|1685878537
|switch|p2a: Iron Valiant|Iron Valiant|100/100
|move|p1a: Corviknight|U-turn|p2a: Iron Valiant
|-resisted|p2a: Iron Valiant
|-damage|p2a: Iron Valiant|96/100
|
|t:|1685878544
|switch|p1a: Basculegion|Basculegion, M|100/100|[from] U-turn
|
|-weather|RainDance|[upkeep]
|upkeep
|turn|3
|
|t:|1685878552
|move|p1a: Basculegion|Psychic Fangs|p2a: Iron Valiant
|-supereffective|p2a: Iron Valiant
|-damage|p2a: Iron Valiant|20/100
|move|p2a: Iron Valiant|Energy Ball|p1a: Basculegion
|-supereffective|p1a: Basculegion
|-damage|p1a: Basculegion|0 fnt
|faint|p1a: Basculegion
|
|-weather|RainDance|[upkeep]
|upkeep
|
|t:|1685878562
|switch|p1a: Urshifu|Urshifu-Rapid-Strike, M|100/100
|turn|4
|
|t:|1685878573
|-end|p2a: Iron Valiant|Quark Drive|[silent]
|switch|p2a: Kingambit|Kingambit, M|100/100
|-terastallize|p1a: Urshifu|Water
|move|p1a: Urshifu|Aqua Jet|p2a: Kingambit
|-damage|p2a: Kingambit|72/100
|
|-weather|RainDance|[upkeep]
|upkeep
|turn|5
|
|t:|1685878585
|switch|p1a: Corviknight|Corviknight, M|100/100
|-ability|p1a: Corviknight|Pressure
|-terastallize|p2a: Kingambit|Ghost
|move|p2a: Kingambit|Swords Dance|p2a: Kingambit
|-boost|p2a: Kingambit|atk|2
|
|-weather|RainDance|[upkeep]
|upkeep
|turn|6
|
|t:|1685878598
|move|p1a: Corviknight|Body Press|p2a: Kingambit
|-immune|p2a: Kingambit
|move|p2a: Kingambit|Kowtow Cleave|p1a: Corviknight
|-damage|p1a: Corviknight|43/100
|
|-weather|RainDance|[upkeep]
|-heal|p1a: Corviknight|49/100|[from] item: Leftovers
|upkeep
|turn|7
|
|t:|1685878608
|move|p2a: Kingambit|Sucker Punch|p1a: Corviknight
|-damage|p1a: Corviknight|0 fnt
|faint|p1a: Corviknight
|
|-weather|RainDance|[upkeep]
|upkeep
|
|t:|1685878611
|switch|p1a: Rotom|Rotom-Wash|100/100
|turn|8
|
|t:|1685878622
|move|p2a: Kingambit|Sucker Punch||[still]
|-fail|p2a: Kingambit
|move|p1a: Rotom|Will-O-Wisp|p2a: Kingambit
|-status|p2a: Kingambit|brn
|
|-weather|none
|-damage|p2a: Kingambit|66/100 brn|[from] brn
|upkeep
|turn|9
|
|t:|1685878630
|switch|p1a: Zamazenta|Zamazenta|100/100
|-ability|p1a: Zamazenta|Dauntless Shield|boost
|-boost|p1a: Zamazenta|def|1
|move|p2a: Kingambit|Kowtow Cleave|p1a: Zamazenta
|-resisted|p1a: Zamazenta
|-crit|p1a: Zamazenta
|-damage|p1a: Zamazenta|72/100
|
|-heal|p1a: Zamazenta|78/100|[from] item: Leftovers
|-damage|p2a: Kingambit|60/100 brn|[from] brn
|upkeep
|turn|10
|
|t:|1685878642
|-end|p2a: Kingambit|fallenundefined|[silent]
|switch|p2a: Ceruledge|Ceruledge, M|100/100
|move|p1a: Zamazenta|Iron Defense|p1a: Zamazenta
|-boost|p1a: Zamazenta|def|2
|
|-heal|p1a: Zamazenta|84/100|[from] item: Leftovers
|upkeep
|turn|11
|
|t:|1685878651
|move|p1a: Zamazenta|Crunch|p2a: Ceruledge
|-supereffective|p2a: Ceruledge
|-damage|p2a: Ceruledge|42/100
|-ability|p2a: Ceruledge|Weak Armor|boost
|-unboost|p2a: Ceruledge|def|1
|-boost|p2a: Ceruledge|spe|2
|move|p2a: Ceruledge|Swords Dance|p2a: Ceruledge
|-boost|p2a: Ceruledge|atk|2
|
|-heal|p1a: Zamazenta|90/100|[from] item: Leftovers
|upkeep
|turn|12
|
|t:|1685878662
|move|p2a: Ceruledge|Bitter Blade|p1a: Zamazenta
|-damage|p1a: Zamazenta|50/100
|-heal|p2a: Ceruledge|69/100|[from] drain|[of] p1a: Zamazenta
|-damage|p2a: Ceruledge|59/100|[from] item: Life Orb
|move|p1a: Zamazenta|Crunch|p2a: Ceruledge
|-supereffective|p2a: Ceruledge
|-damage|p2a: Ceruledge|0 fnt
|faint|p2a: Ceruledge
|
|-heal|p1a: Zamazenta|56/100|[from] item: Leftovers
|upkeep
|
|t:|1685878676
|switch|p2a: Iron Valiant|Iron Valiant|20/100
|turn|13
|
|t:|1685878686
|move|p1a: Zamazenta|Body Press|p2a: Iron Valiant
|-resisted|p2a: Iron Valiant
|-damage|p2a: Iron Valiant|0 fnt
|faint|p2a: Iron Valiant
|-end|p2a: Iron Valiant|Quark Drive|[silent]
|
|-heal|p1a: Zamazenta|63/100|[from] item: Leftovers
|upkeep
|
|t:|1685878692
|switch|p2a: Samurott|Samurott-Hisui, M|100/100
|turn|14
|
|t:|1685878697
|move|p1a: Zamazenta|Body Press|p2a: Samurott
|-supereffective|p2a: Samurott
|-damage|p2a: Samurott|0 fnt
|faint|p2a: Samurott
|
|-heal|p1a: Zamazenta|69/100|[from] item: Leftovers
|upkeep
|
|t:|1685878700
|switch|p2a: Decidueye|Decidueye-Hisui, M|100/100
|turn|15
|
|t:|1685878707
|move|p1a: Zamazenta|Body Press|p2a: Decidueye
|-damage|p2a: Decidueye|0 fnt
|faint|p2a: Decidueye
|
|-heal|p1a: Zamazenta|75/100|[from] item: Leftovers
|upkeep
|
|t:|1685878711
|switch|p2a: Cinderace|Cinderace, M|100/100
|turn|16
|
|t:|1685878714
|move|p1a: Zamazenta|Body Press|p2a: Cinderace
|-damage|p2a: Cinderace|0 fnt
|faint|p2a: Cinderace
|
|-heal|p1a: Zamazenta|81/100|[from] item: Leftovers
|upkeep
|-message|darkzenkai31 forfeited.
|
|win|zwarteaapje
|raw|zwarteaapje's rating: 1104 → 1125(+21 for winning)
|raw|darkzenkai31's rating: 1051 → 1036(-15 for losing)
|l|☆darkzenkai31
