|j|☆Bellatrix2022
|j|☆dripclout
|t:|1685894829
|gametype|singles
|player|p1|Bellatrix2022|102|1023
|player|p2|dripclout|170|1061
|teamsize|p1|6
|teamsize|p2|6
|gen|9
|tier|[Gen 9] OU
|rated|
|rule|Sleep Clause Mod: Limit one foe put to sleep
|rule|Species Clause: Limit one of each Pokémon
|rule|OHKO Clause: OHKO moves are banned
|rule|Evasion Items Clause: Evasion items are banned
|rule|Evasion Moves Clause: Evasion moves are banned
|rule|Endless Battle Clause: Forcing endless battles is banned
|rule|HP Percentage Mod: HP is shown in percentages
|clearpoke
|poke|p1|Slowbro-Galar, M|
|poke|p1|Braviary-Hisui, M|
|poke|p1|Great Tusk|
|poke|p1|Ceruledge, F|
|poke|p1|Arcanine-Hisui, F|
|poke|p1|Clodsire, F|
|poke|p2|Torkoal, F|
|poke|p2|Typhlosion-Hisui, M|
|poke|p2|Walking Wake|
|poke|p2|Lilligant-Hisui, F|
|poke|p2|Pawmot, M|
|poke|p2|Great Tusk|
|teampreview
|inactive|Battle timer is ON: inactive players will automatically lose when time's up. (requested by dripclout)
|
|t:|1685894837
|start
|switch|p1a: Clodsire|Clodsire, F|100/100
|switch|p2a: Torkoal|Torkoal, F|100/100
|-weather|SunnyDay|[from] ability: Drought|[of] p2a: Torkoal
|turn|1
|
|t:|1685894845
|move|p2a: Torkoal|Will-O-Wisp|p1a: Clodsire
|-status|p1a: Clodsire|brn
|move|p1a: Clodsire|Spikes|p2a: Torkoal
|-sidestart|p2: dripclout|Spikes
|
|-weather|SunnyDay|[upkeep]
|-damage|p1a: Clodsire|94/100 brn|[from] brn
|upkeep
|turn|2
|
|t:|1685894853
|move|p2a: Torkoal|Rapid Spin|p1a: Clodsire
|-damage|p1a: Clodsire|84/100 brn
|-boost|p2a: Torkoal|spe|1
|-sideend|p2: dripclout|Spikes|[from] move: Rapid Spin|[of] p2a: Torkoal
|move|p1a: Clodsire|Spikes|p2a: Torkoal
|-sidestart|p2: dripclout|Spikes
|
|-weather|SunnyDay|[upkeep]
|-heal|p1a: Clodsire|90/100 brn|[from] item: Black Sludge
|-damage|p1a: Clodsire|84/100 brn|[from] brn
|upkeep
|turn|3
|
|t:|1685894863
|switch|p2a: Typhlosion|Typhlosion-Hisui, M|100/100
|-damage|p2a: Typhlosion|88/100|[from] Spikes
|move|p1a: Clodsire|Spikes|p2a: Typhlosion
|-sidestart|p2: dripclout|Spikes
|
|-weather|SunnyDay|[upkeep]
|-heal|p1a: Clodsire|90/100 brn|[from] item: Black Sludge
|-damage|p1a: Clodsire|84/100 brn|[from] brn
|upkeep
|turn|4
|
|t:|1685894873
|move|p2a: Typhlosion|Infernal Parade|p1a: Clodsire
|-damage|p1a: Clodsire|52/100 brn
|move|p1a: Clodsire|Spikes|p2a: Typhlosion
|-sidestart|p2: dripclout|Spikes
|
|-weather|SunnyDay|[upkeep]
|-heal|p1a: Clodsire|58/100 brn|[from] item: Black Sludge
|-damage|p1a: Clodsire|52/100 brn|[from] brn
|upkeep
|turn|5
|
|t:|1685894885
|switch|p1a: Great Tusk|Great Tusk|100/100
|-activate|p1a: Great Tusk|ability: Protosynthesis
|-start|p1a: Great Tusk|protosynthesisdef
|move|p2a: Typhlosion|Infernal Parade|p1a: Great Tusk
|-damage|p1a: Great Tusk|61/100
|
|-weather|SunnyDay|[upkeep]
|upkeep
|turn|6
|
|t:|1685894910
|switch|p2a: Lilligant|Lilligant-Hisui, F|100/100
|-damage|p2a: Lilligant|76/100|[from] Spikes
|move|p1a: Great Tusk|Stealth Rock|p2a: Lilligant
|-sidestart|p2: dripclout|move: Stealth Rock
|
|-weather|SunnyDay|[upkeep]
|upkeep
|turn|7
|
|t:|1685894924
|move|p2a: Lilligant|Solar Blade||[still]
|-prepare|p2a: Lilligant|Solar Blade
|-anim|p2a: Lilligant|Solar Blade|p1a: Great Tusk
|-supereffective|p1a: Great Tusk
|-damage|p1a: Great Tusk|5/100
|-damage|p2a: Lilligant|66/100|[from] item: Life Orb
|move|p1a: Great Tusk|Ice Spinner|p2a: Lilligant
|-supereffective|p2a: Lilligant
|-damage|p2a: Lilligant|0 fnt
|faint|p2a: Lilligant
|
|-weather|SunnyDay|[upkeep]
|upkeep
|
|t:|1685894936
|switch|p2a: Pawmot|Pawmot, M|100/100
|-damage|p2a: Pawmot|75/100|[from] Spikes
|-damage|p2a: Pawmot|69/100|[from] Stealth Rock
|turn|8
|
|t:|1685894953
|-end|p1a: Great Tusk|Protosynthesis|[silent]
|switch|p1a: Clodsire|Clodsire, F|52/100 brn
|move|p2a: Pawmot|Fake Out|p1a: Clodsire
|-damage|p1a: Clodsire|40/100 brn
|
|-weather|none
|-heal|p1a: Clodsire|46/100 brn|[from] item: Black Sludge
|-damage|p1a: Clodsire|40/100 brn|[from] brn
|upkeep
|turn|9
|
|t:|1685894963
|move|p2a: Pawmot|Wish|p2a: Pawmot
|move|p1a: Clodsire|Earthquake|p2a: Pawmot
|-supereffective|p2a: Pawmot
|-damage|p2a: Pawmot|32/100
|
|-heal|p1a: Clodsire|46/100 brn|[from] item: Black Sludge
|-damage|p1a: Clodsire|40/100 brn|[from] brn
|upkeep
|turn|10
|
|t:|1685894978
|switch|p2a: Torkoal|Torkoal, F|100/100
|-damage|p2a: Torkoal|76/100|[from] Spikes
|-damage|p2a: Torkoal|51/100|[from] Stealth Rock
|-weather|SunnyDay|[from] ability: Drought|[of] p2a: Torkoal
|move|p1a: Clodsire|Earthquake|p2a: Torkoal
|-supereffective|p2a: Torkoal
|-crit|p2a: Torkoal
|-damage|p2a: Torkoal|29/100
|
|-weather|SunnyDay|[upkeep]
|-heal|p2a: Torkoal|79/100|[from] move: Wish|[wisher] Pawmot
|-heal|p1a: Clodsire|46/100 brn|[from] item: Black Sludge
|-damage|p1a: Clodsire|40/100 brn|[from] brn
|upkeep
|turn|11
|
|t:|1685894997
|switch|p1a: Great Tusk|Great Tusk|5/100
|-activate|p1a: Great Tusk|ability: Protosynthesis
|-start|p1a: Great Tusk|protosynthesisdef
|move|p2a: Torkoal|Rapid Spin|p1a: Great Tusk
|-damage|p1a: Great Tusk|1/100
|-boost|p2a: Torkoal|spe|1
|-sideend|p2: dripclout|Spikes|[from] move: Rapid Spin|[of] p2a: Torkoal
|-sideend|p2: dripclout|Stealth Rock|[from] move: Rapid Spin|[of] p2a: Torkoal
|
|-weather|SunnyDay|[upkeep]
|upkeep
|turn|12
|
|t:|1685895008
|move|p1a: Great Tusk|Earthquake|p2a: Torkoal
|-supereffective|p2a: Torkoal
|-damage|p2a: Torkoal|24/100
|move|p2a: Torkoal|Lava Plume|p1a: Great Tusk
|-damage|p1a: Great Tusk|0 fnt
|faint|p1a: Great Tusk
|-end|p1a: Great Tusk|Protosynthesis|[silent]
|
|-weather|SunnyDay|[upkeep]
|upkeep
|inactive|Bellatrix2022 has 120 seconds left.
|
|t:|1685895028
|switch|p1a: Ceruledge|Ceruledge, F|100/100
|turn|13
|inactive|Bellatrix2022 has 120 seconds left.
|
|t:|1685895045
|switch|p2a: Great Tusk|Great Tusk|100/100
|-activate|p2a: Great Tusk|ability: Protosynthesis
|-start|p2a: Great Tusk|protosynthesisatk
|move|p1a: Ceruledge|Shadow Sneak|p2a: Great Tusk
|-damage|p2a: Great Tusk|85/100
|
|-weather|SunnyDay|[upkeep]
|-heal|p2a: Great Tusk|91/100|[from] item: Leftovers
|upkeep
|turn|14
|
|t:|1685895054
|move|p1a: Ceruledge|Endure|p1a: Ceruledge
|-singleturn|p1a: Ceruledge|move: Endure
|move|p2a: Great Tusk|Stealth Rock|p1a: Ceruledge
|-sidestart|p1: Bellatrix2022|move: Stealth Rock
|
|-weather|SunnyDay|[upkeep]
|-heal|p2a: Great Tusk|98/100|[from] item: Leftovers
|upkeep
|turn|15
|
|t:|1685895062
|move|p1a: Ceruledge|Endure|p1a: Ceruledge
|-singleturn|p1a: Ceruledge|move: Endure
|move|p2a: Great Tusk|Earthquake|p1a: Ceruledge
|-supereffective|p1a: Ceruledge
|-activate|p1a: Ceruledge|move: Endure
|-damage|p1a: Ceruledge|1/100
|-ability|p1a: Ceruledge|Weak Armor|boost
|-unboost|p1a: Ceruledge|def|1
|-boost|p1a: Ceruledge|spe|2
|-enditem|p1a: Ceruledge|Weakness Policy
|-boost|p1a: Ceruledge|atk|2|[from] item: Weakness Policy
|-boost|p1a: Ceruledge|spa|2|[from] item: Weakness Policy
|
|-weather|SunnyDay|[upkeep]
|-heal|p2a: Great Tusk|100/100|[from] item: Leftovers
|upkeep
|turn|16
|
|t:|1685895077
|move|p1a: Ceruledge|Bitter Blade|p2a: Great Tusk
|-damage|p2a: Great Tusk|0 fnt
|-heal|p1a: Ceruledge|65/100|[from] drain|[of] p2a: Great Tusk
|faint|p2a: Great Tusk
|-end|p2a: Great Tusk|Protosynthesis|[silent]
|
|-weather|SunnyDay|[upkeep]
|upkeep
|
|t:|1685895084
|switch|p2a: Pawmot|Pawmot, M|32/100
|turn|17
|
|t:|1685895088
|move|p1a: Ceruledge|Bitter Blade|p2a: Pawmot
|-damage|p2a: Pawmot|0 fnt
|-heal|p1a: Ceruledge|83/100|[from] drain|[of] p2a: Pawmot
|faint|p2a: Pawmot
|
|-weather|none
|upkeep
|
|t:|1685895095
|switch|p2a: Torkoal|Torkoal, F|24/100
|-weather|SunnyDay|[from] ability: Drought|[of] p2a: Torkoal
|turn|18
|
|t:|1685895100
|switch|p2a: Walking Wake|Walking Wake|100/100
|-activate|p2a: Walking Wake|ability: Protosynthesis
|-start|p2a: Walking Wake|protosynthesisspa
|move|p1a: Ceruledge|Bitter Blade|p2a: Walking Wake
|-resisted|p2a: Walking Wake
|-damage|p2a: Walking Wake|65/100
|-heal|p1a: Ceruledge|100/100|[from] drain|[of] p2a: Walking Wake
|
|-weather|SunnyDay|[upkeep]
|upkeep
|turn|19
|
|t:|1685895111
|-terastallize|p2a: Walking Wake|Water
|move|p1a: Ceruledge|Close Combat|p2a: Walking Wake
|-damage|p2a: Walking Wake|0 fnt
|-unboost|p1a: Ceruledge|def|1
|-unboost|p1a: Ceruledge|spd|1
|faint|p2a: Walking Wake
|-end|p2a: Walking Wake|Protosynthesis|[silent]
|
|-weather|SunnyDay|[upkeep]
|upkeep
|
|t:|1685895118
|switch|p2a: Typhlosion|Typhlosion-Hisui, M|88/100
|turn|20
|
|t:|1685895123
|move|p1a: Ceruledge|Shadow Sneak|p2a: Typhlosion
|-supereffective|p2a: Typhlosion
|-damage|p2a: Typhlosion|0 fnt
|faint|p2a: Typhlosion
|
|-weather|SunnyDay|[upkeep]
|upkeep
|-message|dripclout forfeited.
|
|win|Bellatrix2022
|raw|Bellatrix2022's rating: 1023 → 1064(+41 for winning)
|raw|dripclout's rating: 1061 → 1040(-21 for losing)
|l|☆dripclout
