|j|☆lucenthine
|j|☆waha8
|t:|1685849379
|gametype|singles
|player|p1|lucenthine|schoolkid-gen4|1503
|player|p2|waha8|169|1472
|teamsize|p1|6
|teamsize|p2|6
|gen|9
|tier|[Gen 9] OU
|rated|
|rule|Sleep Clause Mod: Limit one foe put to sleep
|rule|Species Clause: Limit one of each Pokémon
|rule|OHKO Clause: OHKO moves are banned
|rule|Evasion Items Clause: Evasion items are banned
|rule|Evasion Moves Clause: Evasion moves are banned
|rule|Endless Battle Clause: Forcing endless battles is banned
|rule|HP Percentage Mod: HP is shown in percentages
|clearpoke
|poke|p1|Pelipper, M|
|poke|p1|Overqwil, M|
|poke|p1|Gholdengo|
|poke|p1|Basculegion-F, F|
|poke|p1|Amoonguss, M|
|poke|p1|Great Tusk|
|poke|p2|Sneasler, F|
|poke|p2|Urshifu-*, M|
|poke|p2|Skeledirge, M|
|poke|p2|Chien-Pao|
|poke|p2|Magearna|
|poke|p2|Kleavor, M|
|teampreview
|inactive|Battle timer is ON: inactive players will automatically lose when time's up. (requested by lucenthine)
|
|t:|1685849393
|start
|switch|p1a: RAM & SLAM|Great Tusk, shiny|100/100
|switch|p2a: Kleavor|Kleavor, M|100/100
|turn|1
|
|t:|1685849407
|move|p2a: Kleavor|Stone Axe|p1a: RAM & SLAM
|-resisted|p1a: RAM & SLAM
|-damage|p1a: RAM & SLAM|92/100
|-sidestart|p1: lucenthine|move: Stealth Rock
|move|p1a: RAM & SLAM|Stealth Rock|p2a: Kleavor
|-sidestart|p2: waha8|move: Stealth Rock
|
|-heal|p1a: RAM & SLAM|99/100|[from] item: Leftovers
|upkeep
|turn|2
|
|t:|1685849414
|switch|p2a: Skeledirge|Skeledirge, M|100/100
|-damage|p2a: Skeledirge|76/100|[from] Stealth Rock
|move|p1a: RAM & SLAM|Rapid Spin|p2a: Skeledirge
|-immune|p2a: Skeledirge
|
|-heal|p1a: RAM & SLAM|100/100|[from] item: Leftovers
|-heal|p2a: Skeledirge|82/100|[from] item: Leftovers
|upkeep
|turn|3
|
|t:|1685849426
|-end|p1a: RAM & SLAM|Protosynthesis|[silent]
|switch|p1a: Pelipe|Pelipper, M, shiny|100/100
|-damage|p1a: Pelipe|76/100|[from] Stealth Rock
|-weather|RainDance|[from] ability: Drizzle|[of] p1a: Pelipe
|move|p2a: Skeledirge|Will-O-Wisp|p1a: Pelipe
|-status|p1a: Pelipe|brn
|
|-weather|RainDance|[upkeep]
|-heal|p2a: Skeledirge|88/100|[from] item: Leftovers
|-damage|p1a: Pelipe|70/100 brn|[from] brn
|upkeep
|turn|4
|
|t:|1685849442
|move|p2a: Skeledirge|Torch Song|p1a: Pelipe
|-resisted|p1a: Pelipe
|-damage|p1a: Pelipe|59/100 brn
|-boost|p2a: Skeledirge|spa|1
|move|p1a: Pelipe|Surf|p2a: Skeledirge
|-supereffective|p2a: Skeledirge
|-damage|p2a: Skeledirge|0 fnt
|faint|p2a: Skeledirge
|
|-weather|RainDance|[upkeep]
|-damage|p1a: Pelipe|53/100 brn|[from] brn
|upkeep
|
|t:|1685849452
|switch|p2a: Urshifu|Urshifu-Rapid-Strike, M|100/100
|-damage|p2a: Urshifu|94/100|[from] Stealth Rock
|turn|5
|
|t:|1685849462
|switch|p1a: LINK|Amoonguss, M, shiny|100/100
|-damage|p1a: LINK|88/100|[from] Stealth Rock
|move|p2a: Urshifu|Surging Strikes|p1a: LINK
|-resisted|p1a: LINK
|-crit|p1a: LINK
|-damage|p1a: LINK|71/100
|-resisted|p1a: LINK
|-crit|p1a: LINK
|-damage|p1a: LINK|54/100
|-resisted|p1a: LINK
|-crit|p1a: LINK
|-damage|p1a: LINK|36/100
|-hitcount|p1a: LINK|3
|-enditem|p1a: LINK|Eject Button
|
|t:|1685849476
|switch|p1a: Basculegion|Basculegion-F, F|100/100
|-damage|p1a: Basculegion|88/100|[from] Stealth Rock
|
|-weather|RainDance|[upkeep]
|upkeep
|turn|6
|
|t:|1685849484
|move|p1a: Basculegion|Surf|p2a: Urshifu
|-resisted|p2a: Urshifu
|-damage|p2a: Urshifu|16/100
|move|p2a: Urshifu|Surging Strikes|p1a: Basculegion
|-resisted|p1a: Basculegion
|-crit|p1a: Basculegion
|-damage|p1a: Basculegion|61/100
|-resisted|p1a: Basculegion
|-crit|p1a: Basculegion
|-damage|p1a: Basculegion|35/100
|-resisted|p1a: Basculegion
|-crit|p1a: Basculegion
|-damage|p1a: Basculegion|8/100
|-hitcount|p1a: Basculegion|3
|
|-weather|RainDance|[upkeep]
|upkeep
|turn|7
|
|t:|1685849495
|move|p1a: Basculegion|Surf|p2a: Urshifu
|-resisted|p2a: Urshifu
|-damage|p2a: Urshifu|0 fnt
|faint|p2a: Urshifu
|
|-weather|RainDance|[upkeep]
|upkeep
|
|t:|1685849500
|switch|p2a: Chien-Pao|Chien-Pao|100/100
|-ability|p2a: Chien-Pao|Sword of Ruin
|turn|8
|
|t:|1685849506
|move|p2a: Chien-Pao|Ice Shard|p1a: Basculegion
|-resisted|p1a: Basculegion
|-damage|p1a: Basculegion|0 fnt
|faint|p1a: Basculegion
|
|-weather|RainDance|[upkeep]
|upkeep
|
|t:|1685849510
|switch|p1a: Overqwil|Overqwil, M, shiny|100/100
|turn|9
|
|t:|1685849519
|switch|p2a: Kleavor|Kleavor, M|100/100
|-damage|p2a: Kleavor|76/100|[from] Stealth Rock
|move|p1a: Overqwil|Crunch|p2a: Kleavor
|-damage|p2a: Kleavor|25/100
|
|-weather|RainDance|[upkeep]
|upkeep
|turn|10
|
|t:|1685849530
|move|p1a: Overqwil|Crunch|p2a: Kleavor
|-damage|p2a: Kleavor|0 fnt
|faint|p2a: Kleavor
|
|-weather|none
|upkeep
|
|t:|1685849535
|switch|p2a: Magearna|Magearna|100/100
|-damage|p2a: Magearna|94/100|[from] Stealth Rock
|turn|11
|
|t:|1685849539
|switch|p1a: Gholdengo|Gholdengo|100/100
|-damage|p1a: Gholdengo|94/100|[from] Stealth Rock
|move|p2a: Magearna|Calm Mind|p2a: Magearna
|-boost|p2a: Magearna|spa|1
|-boost|p2a: Magearna|spd|1
|
|-heal|p1a: Gholdengo|100/100|[from] item: Leftovers
|-heal|p2a: Magearna|100/100|[from] item: Leftovers
|upkeep
|turn|12
|
|t:|1685849558
|move|p1a: Gholdengo|Thunder Wave|p2a: Magearna
|-status|p2a: Magearna|par
|cant|p2a: Magearna|par
|
|upkeep
|turn|13
|
|t:|1685849562
|move|p1a: Gholdengo|Nasty Plot|p1a: Gholdengo
|-boost|p1a: Gholdengo|spa|2
|cant|p2a: Magearna|par
|
|upkeep
|turn|14
|
|t:|1685849571
|move|p1a: Gholdengo|Hex|p2a: Magearna
|-damage|p2a: Magearna|44/100 par
|cant|p2a: Magearna|par
|
|-heal|p2a: Magearna|50/100 par|[from] item: Leftovers
|upkeep
|turn|15
|
|t:|1685849578
|move|p1a: Gholdengo|Hex|p2a: Magearna
|-damage|p2a: Magearna|0 fnt
|faint|p2a: Magearna
|
|upkeep
|
|t:|1685849582
|switch|p2a: Chien-Pao|Chien-Pao|100/100
|-ability|p2a: Chien-Pao|Sword of Ruin
|turn|16
|
|t:|1685849595
|-terastallize|p1a: Gholdengo|Flying
|move|p2a: Chien-Pao|Crunch|p1a: Gholdengo
|-damage|p1a: Gholdengo|65/100
|move|p1a: Gholdengo|Thunder Wave|p2a: Chien-Pao
|-status|p2a: Chien-Pao|par
|
|-heal|p1a: Gholdengo|71/100|[from] item: Leftovers
|upkeep
|turn|17
|
|t:|1685849606
|switch|p1a: RAM & SLAM|Great Tusk, shiny|100/100
|-damage|p1a: RAM & SLAM|98/100|[from] Stealth Rock
|move|p2a: Chien-Pao|Ice Spinner|p1a: RAM & SLAM
|-supereffective|p1a: RAM & SLAM
|-damage|p1a: RAM & SLAM|44/100
|
|-heal|p1a: RAM & SLAM|50/100|[from] item: Leftovers
|upkeep
|turn|18
|
|t:|1685849614
|move|p1a: RAM & SLAM|Rapid Spin|p2a: Chien-Pao
|-damage|p2a: Chien-Pao|80/100 par
|-boost|p1a: RAM & SLAM|spe|1
|-sideend|p1: lucenthine|Stealth Rock|[from] move: Rapid Spin|[of] p1a: RAM & SLAM
|move|p2a: Chien-Pao|Ice Spinner|p1a: RAM & SLAM
|-supereffective|p1a: RAM & SLAM
|-damage|p1a: RAM & SLAM|0 fnt
|faint|p1a: RAM & SLAM
|-end|p1a: RAM & SLAM|Protosynthesis|[silent]
|
|upkeep
|
|t:|1685849620
|switch|p1a: Overqwil|Overqwil, M, shiny|100/100
|turn|19
|
|t:|1685849627
|move|p1a: Overqwil|Gunk Shot|p2a: Chien-Pao
|-damage|p2a: Chien-Pao|1/100 par
|cant|p2a: Chien-Pao|par
|
|upkeep
|turn|20
|
|t:|1685849631
|move|p1a: Overqwil|Crunch|p2a: Chien-Pao
|-resisted|p2a: Chien-Pao
|-damage|p2a: Chien-Pao|0 fnt
|faint|p2a: Chien-Pao
|
|upkeep
|
|t:|1685849635
|switch|p2a: Sneasler|Sneasler, F|100/100
|-damage|p2a: Sneasler|95/100|[from] Stealth Rock
|turn|21
|
|t:|1685849642
|switch|p1a: Pelipe|Pelipper, M, shiny|53/100 brn
|-weather|RainDance|[from] ability: Drizzle|[of] p1a: Pelipe
|move|p2a: Sneasler|Swords Dance|p2a: Sneasler
|-boost|p2a: Sneasler|atk|2
|
|-weather|RainDance|[upkeep]
|-damage|p1a: Pelipe|46/100 brn|[from] brn
|upkeep
|turn|22
|
|t:|1685849650
|move|p2a: Sneasler|Close Combat|p1a: Pelipe
|-resisted|p1a: Pelipe
|-damage|p1a: Pelipe|3/100 brn
|-unboost|p2a: Sneasler|def|1
|-unboost|p2a: Sneasler|spd|1
|-enditem|p2a: Sneasler|White Herb
|-clearnegativeboost|p2a: Sneasler|[silent]
|move|p1a: Pelipe|Hurricane|p2a: Sneasler
|-supereffective|p2a: Sneasler
|-damage|p2a: Sneasler|0 fnt
|faint|p2a: Sneasler
|
|win|lucenthine
|raw|lucenthine's rating: 1503 → 1521(+18 for winning)
|raw|waha8's rating: 1472 → 1454(-18 for losing)
|l|☆waha8
