|j|☆ThatBoiSteven
|j|☆Sencopion
|t:|1685839649
|gametype|singles
|player|p1|ThatBoiSteven|steven-masters|1094
|player|p2|Sencopion|hiker-gen4|1152
|teamsize|p1|6
|teamsize|p2|6
|gen|9
|tier|[Gen 9] OU
|rated|
|rule|Sleep Clause Mod: Limit one foe put to sleep
|rule|Species Clause: Limit one of each Pokémon
|rule|OHKO Clause: OHKO moves are banned
|rule|Evasion Items Clause: Evasion items are banned
|rule|Evasion Moves Clause: Evasion moves are banned
|rule|Endless Battle Clause: Forcing endless battles is banned
|rule|HP Percentage Mod: HP is shown in percentages
|clearpoke
|poke|p1|Zamazenta-*|
|poke|p1|Enamorus, F|
|poke|p1|Samurott-Hisui, M|
|poke|p1|Greninja, M|
|poke|p1|Sneasler, F|
|poke|p1|Iron Treads|
|poke|p2|Basculegion, M|
|poke|p2|Great Tusk|
|poke|p2|Goodra-Hisui, F|
|poke|p2|Corviknight, M|
|poke|p2|Thundurus, M|
|poke|p2|Volcarona, M|
|teampreview
|inactive|Battle timer is ON: inactive players will automatically lose when time's up. (requested by Sencopion)
|
|t:|1685839654
|start
|switch|p1a: Greninja|Greninja, M|100/100
|switch|p2a: Thundurus|Thundurus, M|100/100
|turn|1
|
|t:|1685839657
|move|p2a: Thundurus|Thunder Wave|p1a: Greninja
|-hint|Since gen 7, Dark is immune to Prankster moves.
|-immune|p1a: Greninja
|move|p1a: Greninja|Ice Beam|p2a: Thundurus
|-start|p1a: Greninja|typechange|Ice|[from] ability: Protean
|-supereffective|p2a: Thundurus
|-damage|p2a: Thundurus|0 fnt
|faint|p2a: Thundurus
|
|upkeep
|
|t:|1685839672
|switch|p2a: Corviknight|Corviknight, M|100/100
|-ability|p2a: Corviknight|Pressure
|turn|2
|
|t:|1685839681
|move|p1a: Greninja|Toxic Spikes|p2a: Corviknight
|-sidestart|p2: Sencopion|move: Toxic Spikes
|move|p2a: Corviknight|Body Press|p1a: Greninja
|-supereffective|p1a: Greninja
|-damage|p1a: Greninja|17/100
|
|upkeep
|turn|3
|
|t:|1685839686
|move|p1a: Greninja|Ice Beam|p2a: Corviknight
|-damage|p2a: Corviknight|64/100
|move|p2a: Corviknight|Brave Bird|p1a: Greninja
|-damage|p1a: Greninja|0 fnt
|faint|p1a: Greninja
|-damage|p2a: Corviknight|60/100|[from] Recoil
|
|-heal|p2a: Corviknight|66/100|[from] item: Leftovers
|upkeep
|
|t:|1685839692
|switch|p1a: Zamazenta|Zamazenta|100/100
|-ability|p1a: Zamazenta|Dauntless Shield|boost
|-boost|p1a: Zamazenta|def|1
|turn|4
|
|t:|1685839696
|move|p1a: Zamazenta|Iron Defense|p1a: Zamazenta
|-boost|p1a: Zamazenta|def|2
|move|p2a: Corviknight|U-turn|p1a: Zamazenta
|-resisted|p1a: Zamazenta
|-damage|p1a: Zamazenta|98/100
|
|t:|1685839723
|switch|p2a: Basculegion|Basculegion, M|100/100|[from] U-turn
|-status|p2a: Basculegion|psn
|
|-damage|p2a: Basculegion|88/100 psn|[from] psn
|upkeep
|turn|5
|
|t:|1685839728
|move|p1a: Zamazenta|Iron Defense|p1a: Zamazenta
|-boost|p1a: Zamazenta|def|2
|move|p2a: Basculegion|Psychic Fangs|p1a: Zamazenta
|-supereffective|p1a: Zamazenta
|-damage|p1a: Zamazenta|84/100
|
|-damage|p2a: Basculegion|76/100 psn|[from] psn
|upkeep
|turn|6
|
|t:|1685839735
|switch|p2a: Volcarona|Volcarona, M|100/100
|move|p1a: Zamazenta|Iron Defense|p1a: Zamazenta
|-boost|p1a: Zamazenta|def|1
|
|upkeep
|turn|7
|
|t:|1685839743
|move|p1a: Zamazenta|Body Press|p2a: Volcarona
|-resisted|p2a: Volcarona
|-damage|p2a: Volcarona|0 fnt
|-status|p1a: Zamazenta|brn|[from] ability: Flame Body|[of] p2a: Volcarona
|faint|p2a: Volcarona
|
|-damage|p1a: Zamazenta|78/100 brn|[from] brn
|upkeep
|
|t:|1685839748
|switch|p2a: Goodra|Goodra-Hisui, F|100/100
|turn|8
|
|t:|1685839753
|-terastallize|p2a: Goodra|Fairy
|move|p1a: Zamazenta|Body Press|p2a: Goodra
|-resisted|p2a: Goodra
|-damage|p2a: Goodra|66/100
|move|p2a: Goodra|Draco Meteor|p1a: Zamazenta
|-damage|p1a: Zamazenta|16/100 brn
|-unboost|p2a: Goodra|spa|2
|
|-damage|p1a: Zamazenta|10/100 brn|[from] brn
|upkeep
|turn|9
|
|t:|1685839758
|switch|p1a: Enamorus|Enamorus, F|100/100
|move|p2a: Goodra|Earthquake|p1a: Enamorus
|-immune|p1a: Enamorus
|
|upkeep
|turn|10
|
|t:|1685839765
|switch|p2a: Corviknight|Corviknight, M|66/100
|-ability|p2a: Corviknight|Pressure
|move|p1a: Enamorus|Healing Wish|p1a: Enamorus
|faint|p1a: Enamorus
|
|-heal|p2a: Corviknight|72/100|[from] item: Leftovers
|upkeep
|
|t:|1685839774
|switch|p1a: Samurott|Samurott-Hisui, M, shiny|100/100
|turn|11
|
|t:|1685839781
|move|p1a: Samurott|Ceaseless Edge|p2a: Corviknight
|-damage|p2a: Corviknight|43/100
|-sidestart|p2: Sencopion|Spikes
|move|p2a: Corviknight|Body Press|p1a: Samurott
|-supereffective|p1a: Samurott
|-damage|p1a: Samurott|28/100
|
|-heal|p2a: Corviknight|49/100|[from] item: Leftovers
|upkeep
|turn|12
|
|t:|1685839790
|move|p1a: Samurott|Razor Shell|p2a: Corviknight
|-damage|p2a: Corviknight|14/100
|-unboost|p2a: Corviknight|def|1
|move|p2a: Corviknight|U-turn|p1a: Samurott
|-supereffective|p1a: Samurott
|-damage|p1a: Samurott|0 fnt
|faint|p1a: Samurott
|
|t:|1685839797
|switch|p2a: Basculegion|Basculegion, M|76/100 psn|[from] U-turn
|-damage|p2a: Basculegion|63/100 psn|[from] Spikes
|
|-damage|p2a: Basculegion|51/100 psn|[from] psn
|upkeep
|
|t:|1685839801
|switch|p1a: Iron Treads|Iron Treads|100/100
|turn|13
|
|t:|1685839815
|move|p2a: Basculegion|Wave Crash|p1a: Iron Treads
|-supereffective|p1a: Iron Treads
|-damage|p1a: Iron Treads|0 fnt
|faint|p1a: Iron Treads
|-end|p1a: Iron Treads|Quark Drive|[silent]
|-damage|p2a: Basculegion|19/100 psn|[from] Recoil
|
|-damage|p2a: Basculegion|7/100 psn|[from] psn
|upkeep
|
|t:|1685839824
|switch|p1a: Zamazenta|Zamazenta|10/100 brn
|-heal|p1a: Zamazenta|100/100|[from] move: Healing Wish
|turn|14
|
|t:|1685839827
|move|p1a: Zamazenta|Iron Defense|p1a: Zamazenta
|-boost|p1a: Zamazenta|def|2
|move|p2a: Basculegion|Wave Crash|p1a: Zamazenta
|-damage|p1a: Zamazenta|67/100
|-damage|p2a: Basculegion|0 fnt|[from] Recoil
|faint|p2a: Basculegion
|
|upkeep
|
|t:|1685839829
|switch|p2a: Goodra|Goodra-Hisui, F, tera:Fairy|66/100
|-status|p2a: Goodra|psn
|-damage|p2a: Goodra|53/100 psn|[from] Spikes
|turn|15
|
|t:|1685839839
|-terastallize|p1a: Zamazenta|Fairy
|move|p1a: Zamazenta|Body Press|p2a: Goodra
|-resisted|p2a: Goodra
|-damage|p2a: Goodra|22/100 psn
|move|p2a: Goodra|Draco Meteor|p1a: Zamazenta
|-immune|p1a: Zamazenta
|
|-damage|p2a: Goodra|10/100 psn|[from] psn
|upkeep
|turn|16
|
|t:|1685839847
|move|p1a: Zamazenta|Body Press|p2a: Goodra
|-resisted|p2a: Goodra
|-damage|p2a: Goodra|0 fnt
|faint|p2a: Goodra
|
|upkeep
|
|t:|1685839852
|switch|p2a: Great Tusk|Great Tusk|100/100
|turn|17
|
|t:|1685839857
|move|p1a: Zamazenta|Moonblast|p2a: Great Tusk
|-supereffective|p2a: Great Tusk
|-damage|p2a: Great Tusk|0 fnt
|faint|p2a: Great Tusk
|-end|p2a: Great Tusk|Protosynthesis|[silent]
|
|upkeep
|
|t:|1685839859
|switch|p2a: Corviknight|Corviknight, M|14/100
|-ability|p2a: Corviknight|Pressure
|turn|18
|
|t:|1685839863
|move|p1a: Zamazenta|Body Press|p2a: Corviknight
|-damage|p2a: Corviknight|0 fnt
|faint|p2a: Corviknight
|
|win|ThatBoiSteven
|raw|ThatBoiSteven's rating: 1094 → 1124(+30 for winning)
|raw|Sencopion's rating: 1152 → 1123(-29 for losing)
|l|☆ThatBoiSteven
