|j|☆Omnial
|j|☆vetsma
|t:|1685901297
|gametype|singles
|player|p1|Omnial|1|1197
|player|p2|vetsma|1|1209
|teamsize|p1|6
|teamsize|p2|6
|gen|9
|tier|[Gen 9] OU
|rated|
|rule|Sleep Clause Mod: Limit one foe put to sleep
|rule|Species Clause: Limit one of each Pokémon
|rule|OHKO Clause: OHKO moves are banned
|rule|Evasion Items Clause: Evasion items are banned
|rule|Evasion Moves Clause: Evasion moves are banned
|rule|Endless Battle Clause: Forcing endless battles is banned
|rule|HP Percentage Mod: HP is shown in percentages
|clearpoke
|poke|p1|Sneasler, F|
|poke|p1|Arcanine-Hisui, F|
|poke|p1|Walking Wake|
|poke|p1|Electrode-Hisui|
|poke|p1|Enamorus, F|
|poke|p1|Ursaluna, F|
|poke|p2|Heatran, F|
|poke|p2|Zamazenta-*|
|poke|p2|Meowscarada, F|
|poke|p2|Corviknight, M|
|poke|p2|Amoonguss, M|
|poke|p2|Dondozo, M|
|teampreview
|inactive|Battle timer is ON: inactive players will automatically lose when time's up. (requested by Omnial)
|
|t:|1685901320
|start
|switch|p1a: Enamorus|Enamorus, F|100/100
|switch|p2a: Heatran|Heatran, F|100/100
|-item|p2a: Heatran|Air Balloon
|turn|1
|
|t:|1685901336
|move|p1a: Enamorus|Calm Mind|p1a: Enamorus
|-boost|p1a: Enamorus|spa|1
|-boost|p1a: Enamorus|spd|1
|move|p2a: Heatran|Magma Storm|p1a: Enamorus
|-damage|p1a: Enamorus|45/100
|-activate|p1a: Enamorus|move: Magma Storm|[of] p2a: Heatran
|
|-damage|p1a: Enamorus|33/100|[from] move: Magma Storm|[partiallytrapped]
|upkeep
|turn|2
|
|t:|1685901345
|move|p1a: Enamorus|Moonblast|p2a: Heatran
|-resisted|p2a: Heatran
|-damage|p2a: Heatran|85/100
|-enditem|p2a: Heatran|Air Balloon
|move|p2a: Heatran|Taunt|p1a: Enamorus
|-start|p1a: Enamorus|move: Taunt
|
|-damage|p1a: Enamorus|20/100|[from] move: Magma Storm|[partiallytrapped]
|upkeep
|turn|3
|
|t:|1685901354
|move|p1a: Enamorus|Earth Power|p2a: Heatran
|-supereffective|p2a: Heatran
|-damage|p2a: Heatran|0 fnt
|faint|p2a: Heatran
|
|-end|p1a: Enamorus|Magma Storm|[partiallytrapped]|[silent]
|upkeep
|
|t:|1685901362
|switch|p2a: Meowscarada|Meowscarada, F|100/100
|turn|4
|
|t:|1685901368
|move|p2a: Meowscarada|Knock Off|p1a: Enamorus
|-start|p2a: Meowscarada|typechange|Dark|[from] ability: Protean
|-resisted|p1a: Enamorus
|-damage|p1a: Enamorus|0 fnt
|-enditem|p1a: Enamorus|Covert Cloak|[from] move: Knock Off|[of] p2a: Meowscarada
|faint|p1a: Enamorus
|
|upkeep
|
|t:|1685901394
|switch|p1a: Sneasler|Sneasler, F|100/100
|turn|5
|
|t:|1685901404
|switch|p2a: Amoonguss|Amoonguss, M|100/100
|-terastallize|p1a: Sneasler|Flying
|move|p1a: Sneasler|Close Combat|p2a: Amoonguss
|-resisted|p2a: Amoonguss
|-damage|p2a: Amoonguss|66/100
|-unboost|p1a: Sneasler|def|1
|-unboost|p1a: Sneasler|spd|1
|-damage|p1a: Sneasler|84/100|[from] item: Rocky Helmet|[of] p2a: Amoonguss
|-enditem|p1a: Sneasler|White Herb
|-clearnegativeboost|p1a: Sneasler|[silent]
|
|upkeep
|turn|6
|
|t:|1685901418
|move|p1a: Sneasler|Acrobatics|p2a: Amoonguss
|-supereffective|p2a: Amoonguss
|-damage|p2a: Amoonguss|0 fnt
|-damage|p1a: Sneasler|67/100|[from] item: Rocky Helmet|[of] p2a: Amoonguss
|faint|p2a: Amoonguss
|
|upkeep
|
|t:|1685901424
|switch|p2a: Dondozo|Dondozo, M|100/100
|turn|7
|
|t:|1685901427
|move|p1a: Sneasler|Dire Claw|p2a: Dondozo
|-damage|p2a: Dondozo|79/100
|move|p2a: Dondozo|Curse|p2a: Dondozo
|-unboost|p2a: Dondozo|spe|1
|-boost|p2a: Dondozo|atk|1
|-boost|p2a: Dondozo|def|1
|
|-heal|p2a: Dondozo|85/100|[from] item: Leftovers
|upkeep
|turn|8
|
|t:|1685901436
|move|p1a: Sneasler|Dire Claw|p2a: Dondozo
|-damage|p2a: Dondozo|72/100
|-status|p2a: Dondozo|par
|move|p2a: Dondozo|Curse|p2a: Dondozo
|-unboost|p2a: Dondozo|spe|1
|-boost|p2a: Dondozo|atk|1
|-boost|p2a: Dondozo|def|1
|
|-heal|p2a: Dondozo|78/100 par|[from] item: Leftovers
|upkeep
|turn|9
|
|t:|1685901458
|move|p1a: Sneasler|Acrobatics|p2a: Dondozo
|-damage|p2a: Dondozo|64/100 par
|move|p2a: Dondozo|Wave Crash|p1a: Sneasler
|-damage|p1a: Sneasler|0 fnt
|faint|p1a: Sneasler
|-damage|p2a: Dondozo|51/100 par|[from] Recoil
|
|-heal|p2a: Dondozo|57/100 par|[from] item: Leftovers
|upkeep
|
|t:|1685901464
|switch|p1a: Electrode|Electrode-Hisui, shiny|100/100
|turn|10
|
|t:|1685901483
|switch|p2a: Zamazenta|Zamazenta-Crowned|100/100
|-ability|p2a: Zamazenta|Dauntless Shield|boost
|-boost|p2a: Zamazenta|def|1
|move|p1a: Electrode|Thunderbolt|p2a: Zamazenta
|-damage|p2a: Zamazenta|80/100
|
|upkeep
|turn|11
|
|t:|1685901507
|move|p1a: Electrode|Chloroblast|p2a: Zamazenta
|-resisted|p2a: Zamazenta
|-damage|p2a: Zamazenta|65/100
|-damage|p1a: Electrode|50/100|[from] chloroblast
|move|p2a: Zamazenta|Iron Defense|p2a: Zamazenta
|-boost|p2a: Zamazenta|def|2
|
|upkeep
|turn|12
|
|t:|1685901526
|move|p1a: Electrode|Thunderbolt|p2a: Zamazenta
|-damage|p2a: Zamazenta|46/100
|-status|p2a: Zamazenta|par
|move|p2a: Zamazenta|Body Press|p1a: Electrode
|-damage|p1a: Electrode|0 fnt
|faint|p1a: Electrode
|
|upkeep
|
|t:|1685901535
|switch|p1a: Ursaluna|Ursaluna, F, shiny|100/100
|turn|13
|
|t:|1685901542
|move|p1a: Ursaluna|Protect|p1a: Ursaluna
|-singleturn|p1a: Ursaluna|Protect
|move|p2a: Zamazenta|Body Press|p1a: Ursaluna
|-activate|p1a: Ursaluna|move: Protect
|
|-status|p1a: Ursaluna|brn|[from] item: Flame Orb
|upkeep
|turn|14
|
|t:|1685901557
|move|p2a: Zamazenta|Body Press|p1a: Ursaluna
|-supereffective|p1a: Ursaluna
|-crit|p1a: Ursaluna
|-damage|p1a: Ursaluna|0 fnt
|faint|p1a: Ursaluna
|
|upkeep
|
|t:|1685901562
|switch|p1a: Walking Wake|Walking Wake|100/100
|turn|15
|
|t:|1685901566
|move|p1a: Walking Wake|Flamethrower|p2a: Zamazenta
|-supereffective|p2a: Zamazenta
|-damage|p2a: Zamazenta|7/100 par
|-damage|p1a: Walking Wake|91/100|[from] item: Life Orb
|move|p2a: Zamazenta|Body Press|p1a: Walking Wake
|-damage|p1a: Walking Wake|0 fnt
|faint|p1a: Walking Wake
|-end|p1a: Walking Wake|Protosynthesis|[silent]
|
|upkeep
|
|t:|1685901576
|switch|p1a: Arcanine|Arcanine-Hisui, F|100/100
|turn|16
|
|t:|1685901583
|move|p1a: Arcanine|Flare Blitz|p2a: Zamazenta
|-supereffective|p2a: Zamazenta
|-damage|p2a: Zamazenta|0 fnt
|faint|p2a: Zamazenta
|
|upkeep
|
|t:|1685901589
|switch|p2a: Dondozo|Dondozo, M|57/100 par
|turn|17
|
|t:|1685901595
|move|p1a: Arcanine|Head Smash|p2a: Dondozo
|-damage|p2a: Dondozo|23/100 par
|cant|p2a: Dondozo|par
|
|-heal|p2a: Dondozo|29/100 par|[from] item: Leftovers
|upkeep
|turn|18
|
|t:|1685901605
|switch|p2a: Corviknight|Corviknight, M|100/100
|-ability|p2a: Corviknight|Pressure
|move|p1a: Arcanine|Head Smash|p2a: Corviknight
|-damage|p2a: Corviknight|54/100
|
|-heal|p2a: Corviknight|61/100|[from] item: Leftovers
|upkeep
|turn|19
|
|t:|1685901614
|move|p1a: Arcanine|Flare Blitz|p2a: Corviknight
|-supereffective|p2a: Corviknight
|-damage|p2a: Corviknight|0 fnt
|faint|p2a: Corviknight
|
|upkeep
|
|t:|1685901621
|switch|p2a: Meowscarada|Meowscarada, F|100/100
|turn|20
|
|t:|1685901630
|-terastallize|p2a: Meowscarada|Dark
|move|p2a: Meowscarada|Knock Off|p1a: Arcanine
|-damage|p1a: Arcanine|3/100
|-enditem|p1a: Arcanine|Leftovers|[from] move: Knock Off|[of] p2a: Meowscarada
|move|p1a: Arcanine|Flare Blitz|p2a: Meowscarada
|-damage|p2a: Meowscarada|0 fnt
|faint|p2a: Meowscarada
|
|upkeep
|
|t:|1685901639
|switch|p2a: Dondozo|Dondozo, M|29/100 par
|turn|21
|
|t:|1685901643
|move|p1a: Arcanine|Head Smash|p2a: Dondozo
|-damage|p2a: Dondozo|0 fnt
|faint|p2a: Dondozo
|
|win|Omnial
|raw|Omnial's rating: 1197 → 1223(+26 for winning)
|raw|vetsma's rating: 1209 → 1183(-26 for losing)
