|j|☆petrichorfive
|j|☆A1M0
|t:|1685848859
|gametype|singles
|player|p1|petrichorfive|iris-gen5bw2|1290
|player|p2|A1M0|265|1243
|teamsize|p1|6
|teamsize|p2|6
|gen|9
|tier|[Gen 9] OU
|rated|
|rule|Sleep Clause Mod: Limit one foe put to sleep
|rule|Species Clause: Limit one of each Pokémon
|rule|OHKO Clause: OHKO moves are banned
|rule|Evasion Items Clause: Evasion items are banned
|rule|Evasion Moves Clause: Evasion moves are banned
|rule|Endless Battle Clause: Forcing endless battles is banned
|rule|HP Percentage Mod: HP is shown in percentages
|clearpoke
|poke|p1|Cinderace, M|
|poke|p1|Ting-Lu|
|poke|p1|Clodsire, M|
|poke|p1|Garganacl, M|
|poke|p1|Meowscarada, F|
|poke|p1|Scizor, F|
|poke|p2|Magearna|
|poke|p2|Ursaluna, M|
|poke|p2|Meowscarada, M|
|poke|p2|Hatterene, F|
|poke|p2|Chien-Pao|
|poke|p2|Rotom-Wash|
|teampreview
|
|t:|1685848876
|start
|switch|p1a: Ting-Lu|Ting-Lu|100/100
|switch|p2a: Chien-Pao|Chien-Pao|100/100
|-ability|p2a: Chien-Pao|Sword of Ruin
|-ability|p1a: Ting-Lu|Vessel of Ruin
|turn|1
|
|t:|1685848887
|switch|p1a: Scizor|Scizor, F|100/100
|move|p2a: Chien-Pao|Icicle Crash|p1a: Scizor
|-resisted|p1a: Scizor
|-damage|p1a: Scizor|58/100
|
|upkeep
|turn|2
|
|t:|1685848894
|switch|p2a: Rotom|Rotom-Wash|100/100
|move|p1a: Scizor|Close Combat|p2a: Rotom
|-damage|p2a: Rotom|58/100
|-unboost|p1a: Scizor|def|1
|-unboost|p1a: Scizor|spd|1
|-damage|p1a: Scizor|48/100|[from] item: Life Orb
|
|-heal|p2a: Rotom|64/100|[from] item: Leftovers
|upkeep
|turn|3
|
|t:|1685848902
|move|p2a: Rotom|Will-O-Wisp|p1a: Scizor
|-status|p1a: Scizor|brn
|move|p1a: Scizor|U-turn|p2a: Rotom
|-damage|p2a: Rotom|45/100
|-damage|p1a: Scizor|38/100 brn|[from] item: Life Orb
|
|t:|1685848912
|switch|p1a: Clodsire|Clodsire, M|100/100|[from] U-turn
|
|-heal|p2a: Rotom|51/100|[from] item: Leftovers
|upkeep
|turn|4
|
|t:|1685848925
|switch|p2a: Hatterene|Hatterene, F|100/100
|move|p1a: Clodsire|Sludge Bomb|p2a: Hatterene
|-supereffective|p2a: Hatterene
|-damage|p2a: Hatterene|68/100
|-enditem|p2a: Hatterene|Eject Button
|
|t:|1685848944
|switch|p2a: Chien-Pao|Chien-Pao|100/100
|-ability|p2a: Chien-Pao|Sword of Ruin
|
|upkeep
|turn|5
|
|t:|1685848951
|move|p2a: Chien-Pao|Crunch|p1a: Clodsire
|-damage|p1a: Clodsire|2/100
|move|p1a: Clodsire|Toxic|p2a: Chien-Pao
|-status|p2a: Chien-Pao|tox
|
|-heal|p1a: Clodsire|8/100|[from] item: Black Sludge
|-damage|p2a: Chien-Pao|95/100 tox|[from] psn
|upkeep
|turn|6
|
|t:|1685848957
|move|p2a: Chien-Pao|Crunch|p1a: Clodsire
|-crit|p1a: Clodsire
|-damage|p1a: Clodsire|0 fnt
|faint|p1a: Clodsire
|
|-damage|p2a: Chien-Pao|83/100 tox|[from] psn
|upkeep
|
|t:|1685848968
|switch|p1a: Cinderace|Cinderace, M|100/100
|turn|7
|
|t:|1685848975
|move|p1a: Cinderace|Pyro Ball|p2a: Chien-Pao
|-supereffective|p2a: Chien-Pao
|-damage|p2a: Chien-Pao|0 fnt
|faint|p2a: Chien-Pao
|
|upkeep
|
|t:|1685848983
|switch|p2a: Hatterene|Hatterene, F|68/100
|turn|8
|
|t:|1685849013
|move|p1a: Cinderace|Pyro Ball|p2a: Hatterene
|-damage|p2a: Hatterene|17/100
|move|p2a: Hatterene|Nuzzle|p1a: Cinderace
|-damage|p1a: Cinderace|95/100
|-status|p1a: Cinderace|par
|
|upkeep
|turn|9
|
|t:|1685849021
|move|p1a: Cinderace|Pyro Ball|p2a: Hatterene
|-damage|p2a: Hatterene|0 fnt
|faint|p2a: Hatterene
|
|upkeep
|
|t:|1685849030
|switch|p2a: Rotom|Rotom-Wash|51/100
|turn|10
|
|t:|1685849079
|move|p2a: Rotom|Hydro Pump|p1a: Cinderace|[miss]
|-miss|p2a: Rotom|p1a: Cinderace
|move|p1a: Cinderace|U-turn|p2a: Rotom
|-start|p1a: Cinderace|typechange|Bug|[from] ability: Libero
|-damage|p2a: Rotom|27/100
|
|t:|1685849088
|switch|p1a: Scizor|Scizor, F|38/100 brn|[from] U-turn
|
|-heal|p2a: Rotom|33/100|[from] item: Leftovers
|-damage|p1a: Scizor|32/100 brn|[from] brn
|upkeep
|turn|11
|
|t:|1685849124
|move|p2a: Rotom|Hydro Pump|p1a: Scizor
|-damage|p1a: Scizor|0 fnt
|faint|p1a: Scizor
|
|-heal|p2a: Rotom|40/100|[from] item: Leftovers
|upkeep
|
|t:|1685849142
|switch|p1a: Meowscarada|Meowscarada, F|100/100
|turn|12
|
|t:|1685849151
|move|p1a: Meowscarada|Knock Off|p2a: Rotom
|-start|p1a: Meowscarada|typechange|Dark|[from] ability: Protean
|-damage|p2a: Rotom|0 fnt
|-enditem|p2a: Rotom|Leftovers|[from] move: Knock Off|[of] p1a: Meowscarada
|faint|p2a: Rotom
|
|upkeep
|
|t:|1685849158
|switch|p2a: Meowscarada|Meowscarada, M|100/100
|turn|13
|
|t:|1685849164
|switch|p1a: Cinderace|Cinderace, M|95/100 par
|move|p2a: Meowscarada|Knock Off|p1a: Cinderace
|-damage|p1a: Cinderace|39/100 par
|-enditem|p1a: Cinderace|Heavy-Duty Boots|[from] move: Knock Off|[of] p2a: Meowscarada
|
|upkeep
|turn|14
|
|t:|1685849178
|move|p2a: Meowscarada|Knock Off|p1a: Cinderace
|-damage|p1a: Cinderace|1/100 par
|move|p1a: Cinderace|Pyro Ball|p2a: Meowscarada
|-supereffective|p2a: Meowscarada
|-enditem|p2a: Meowscarada|Focus Sash
|-damage|p2a: Meowscarada|1/100
|
|upkeep
|turn|15
|
|t:|1685849186
|move|p1a: Cinderace|Sucker Punch|p2a: Meowscarada
|-start|p1a: Cinderace|typechange|Dark|[from] ability: Libero
|-resisted|p2a: Meowscarada
|-damage|p2a: Meowscarada|0 fnt
|faint|p2a: Meowscarada
|
|upkeep
|
|t:|1685849193
|switch|p2a: Magearna|Magearna|100/100
|turn|16
|
|t:|1685849195
|move|p1a: Cinderace|Pyro Ball|p2a: Magearna
|-supereffective|p2a: Magearna
|-damage|p2a: Magearna|31/100
|-status|p2a: Magearna|brn
|-enditem|p2a: Magearna|Sitrus Berry|[eat]
|-heal|p2a: Magearna|56/100 brn|[from] item: Sitrus Berry
|move|p2a: Magearna|Trick Room|p2a: Magearna
|-fieldstart|move: Trick Room|[of] p2a: Magearna
|
|-damage|p2a: Magearna|50/100 brn|[from] brn
|upkeep
|turn|17
|
|t:|1685849199
|move|p2a: Magearna|Volt Switch|p1a: Cinderace
|-damage|p1a: Cinderace|0 fnt
|faint|p1a: Cinderace
|-ability|p2a: Magearna|Soul-Heart|boost
|-boost|p2a: Magearna|spa|1
|
|t:|1685849203
|switch|p2a: Ursaluna|Ursaluna, M|100/100|[from] Volt Switch
|
|-status|p2a: Ursaluna|brn|[from] item: Flame Orb
|upkeep
|
|t:|1685849213
|switch|p1a: Meowscarada|Meowscarada, F|100/100
|turn|18
|
|t:|1685849237
|-terastallize|p2a: Ursaluna|Normal
|move|p2a: Ursaluna|Facade|p1a: Meowscarada
|-damage|p1a: Meowscarada|0 fnt
|faint|p1a: Meowscarada
|
|-damage|p2a: Ursaluna|94/100 brn|[from] brn
|upkeep
|
|t:|1685849253
|switch|p1a: Ting-Lu|Ting-Lu|100/100
|-ability|p1a: Ting-Lu|Vessel of Ruin
|turn|19
|
|t:|1685849267
|move|p2a: Ursaluna|Swords Dance|p2a: Ursaluna
|-boost|p2a: Ursaluna|atk|2
|move|p1a: Ting-Lu|Body Press|p2a: Ursaluna
|-supereffective|p2a: Ursaluna
|-damage|p2a: Ursaluna|53/100 brn
|
|-damage|p2a: Ursaluna|47/100 brn|[from] brn
|upkeep
|turn|20
|
|t:|1685849275
|-terastallize|p1a: Ting-Lu|Ghost
|move|p2a: Ursaluna|Facade|p1a: Ting-Lu
|-immune|p1a: Ting-Lu
|move|p1a: Ting-Lu|Body Press|p2a: Ursaluna
|-supereffective|p2a: Ursaluna
|-damage|p2a: Ursaluna|7/100 brn
|
|-damage|p2a: Ursaluna|1/100 brn|[from] brn
|-fieldend|move: Trick Room
|upkeep
|turn|21
|-message|A1M0 forfeited.
|
|win|petrichorfive
|raw|petrichorfive's rating: 1290 → 1312(+22 for winning)
|raw|A1M0's rating: 1243 → 1221(-22 for losing)
|l|☆A1M0
