|j|☆Lemousine
|j|☆sneets
|t:|1685926015
|gametype|singles
|player|p1|Lemousine|acerola|1163
|player|p2|sneets|cheryl|1139
|teamsize|p1|6
|teamsize|p2|6
|gen|9
|tier|[Gen 9] OU
|rated|
|rule|Sleep Clause Mod: Limit one foe put to sleep
|rule|Species Clause: Limit one of each Pokémon
|rule|OHKO Clause: OHKO moves are banned
|rule|Evasion Items Clause: Evasion items are banned
|rule|Evasion Moves Clause: Evasion moves are banned
|rule|Endless Battle Clause: Forcing endless battles is banned
|rule|HP Percentage Mod: HP is shown in percentages
|clearpoke
|poke|p1|Urshifu-*, M|
|poke|p1|Kingambit, M|
|poke|p1|Landorus-Therian, M|
|poke|p1|Slowking, M|
|poke|p1|Dragapult, F|
|poke|p1|Heatran, M|
|poke|p2|Volcarona, M|
|poke|p2|Chien-Pao|
|poke|p2|Enamorus-Therian, F|
|poke|p2|Magearna|
|poke|p2|Ursaluna, M|
|poke|p2|Dragapult, M|
|teampreview
|inactive|Battle timer is ON: inactive players will automatically lose when time's up. (requested by sneets)
|
|t:|1685926034
|start
|switch|p1a: Akainu|Heatran, M|100/100
|switch|p2a: Dragapult|Dragapult, M|100/100
|turn|1
|inactive|sneets has 120 seconds left.
|
|t:|1685926074
|switch|p1a: Lando|Landorus-Therian, M|100/100
|-ability|p1a: Lando|Intimidate|boost
|-unboost|p2a: Dragapult|atk|1
|move|p2a: Dragapult|Light Screen|p2a: Dragapult
|-sidestart|p2: sneets|move: Light Screen
|
|upkeep
|turn|2
|
|t:|1685926080
|move|p2a: Dragapult|Reflect|p2a: Dragapult
|-sidestart|p2: sneets|Reflect
|move|p1a: Lando|Taunt|p2a: Dragapult
|-start|p2a: Dragapult|move: Taunt
|
|upkeep
|turn|3
|
|t:|1685926088
|move|p2a: Dragapult|Dragon Darts|p1a: Lando
|-damage|p1a: Lando|82/100
|-anim|p2a: Dragapult|Dragon Darts|p1a: Lando
|-damage|p1a: Lando|64/100
|move|p1a: Lando|Earthquake|p2a: Dragapult
|-damage|p2a: Dragapult|52/100
|-damage|p1a: Lando|55/100|[from] item: Life Orb
|
|upkeep
|turn|4
|
|t:|1685926096
|switch|p2a: Enamorus|Enamorus-Therian, F|100/100
|move|p1a: Lando|Earthquake|p2a: Enamorus
|-immune|p2a: Enamorus
|
|upkeep
|turn|5
|
|t:|1685926104
|move|p1a: Lando|U-turn|p2a: Enamorus
|-resisted|p2a: Enamorus
|-damage|p2a: Enamorus|97/100
|-damage|p1a: Lando|45/100|[from] item: Life Orb
|
|t:|1685926107
|switch|p1a: Akainu|Heatran, M|100/100|[from] U-turn
|move|p2a: Enamorus|Tailwind|p2a: Enamorus
|-sidestart|p2: sneets|move: Tailwind
|
|-heal|p2a: Enamorus|100/100|[from] item: Leftovers
|upkeep
|turn|6
|
|t:|1685926121
|move|p2a: Enamorus|Earth Power|p1a: Akainu
|-supereffective|p1a: Akainu
|-damage|p1a: Akainu|0 fnt
|faint|p1a: Akainu
|
|upkeep
|
|t:|1685926129
|switch|p1a: King of the beach|Slowking, M, shiny|100/100
|turn|7
|
|t:|1685926134
|move|p2a: Enamorus|Calm Mind|p2a: Enamorus
|-boost|p2a: Enamorus|spa|1
|-boost|p2a: Enamorus|spd|1
|move|p1a: King of the beach|Future Sight|p2a: Enamorus
|-start|p1a: King of the beach|move: Future Sight
|
|upkeep
|turn|8
|
|t:|1685926140
|move|p2a: Enamorus|Calm Mind|p2a: Enamorus
|-boost|p2a: Enamorus|spa|1
|-boost|p2a: Enamorus|spd|1
|move|p1a: King of the beach|Surf|p2a: Enamorus
|-damage|p2a: Enamorus|93/100
|
|-heal|p2a: Enamorus|99/100|[from] item: Leftovers
|-sideend|p2: sneets|move: Light Screen
|-sideend|p2: sneets|move: Tailwind
|upkeep
|turn|9
|
|t:|1685926144
|move|p2a: Enamorus|Calm Mind|p2a: Enamorus
|-boost|p2a: Enamorus|spa|1
|-boost|p2a: Enamorus|spd|1
|move|p1a: King of the beach|Chilly Reception|p1a: King of the beach
|-weather|Snow
|
|t:|1685926151
|switch|p1a: Bruce Lee|Urshifu-Rapid-Strike, M|100/100|[from] Chilly Reception
|
|-weather|Snow|[upkeep]
|-end|p2a: Enamorus|move: Future Sight
|-damage|p2a: Enamorus|83/100
|-heal|p2a: Enamorus|89/100|[from] item: Leftovers
|-sideend|p2: sneets|Reflect
|upkeep
|turn|10
|
|t:|1685926170
|-terastallize|p1a: Bruce Lee|Water
|move|p1a: Bruce Lee|Surging Strikes|p2a: Enamorus
|-crit|p2a: Enamorus
|-damage|p2a: Enamorus|53/100
|-crit|p2a: Enamorus
|-damage|p2a: Enamorus|16/100
|-crit|p2a: Enamorus
|-damage|p2a: Enamorus|0 fnt
|faint|p2a: Enamorus
|-hitcount|p2: Enamorus|3
|
|-weather|Snow|[upkeep]
|upkeep
|inactive|sneets has 120 seconds left.
|
|t:|1685926190
|switch|p2a: Volcarona|Volcarona, M|100/100
|turn|11
|
|t:|1685926203
|switch|p1a: Jimmy Neutron|Dragapult, F|100/100
|-terastallize|p2a: Volcarona|Grass
|move|p2a: Volcarona|Quiver Dance|p2a: Volcarona
|-boost|p2a: Volcarona|spa|1
|-boost|p2a: Volcarona|spd|1
|-boost|p2a: Volcarona|spe|1
|
|-weather|Snow|[upkeep]
|upkeep
|turn|12
|
|t:|1685926214
|move|p2a: Volcarona|Quiver Dance|p2a: Volcarona
|-boost|p2a: Volcarona|spa|1
|-boost|p2a: Volcarona|spd|1
|-boost|p2a: Volcarona|spe|1
|move|p1a: Jimmy Neutron|Dragon Darts|p2a: Volcarona
|-damage|p2a: Volcarona|70/100
|-anim|p1a: Jimmy Neutron|Dragon Darts|p2a: Volcarona
|-damage|p2a: Volcarona|41/100
|
|-weather|Snow|[upkeep]
|-heal|p2a: Volcarona|47/100|[from] item: Leftovers
|upkeep
|turn|13
|
|t:|1685926220
|move|p2a: Volcarona|Bug Buzz|p1a: Jimmy Neutron
|-resisted|p1a: Jimmy Neutron
|-damage|p1a: Jimmy Neutron|34/100
|-unboost|p1a: Jimmy Neutron|spd|1
|move|p1a: Jimmy Neutron|Dragon Darts|p2a: Volcarona
|-damage|p2a: Volcarona|16/100
|-anim|p1a: Jimmy Neutron|Dragon Darts|p2a: Volcarona
|-damage|p2a: Volcarona|0 fnt
|faint|p2a: Volcarona
|
|-weather|none
|-heal|p1a: Jimmy Neutron|40/100|[from] item: Leftovers
|upkeep
|
|t:|1685926232
|switch|p2a: Chien-Pao|Chien-Pao|100/100
|-ability|p2a: Chien-Pao|Sword of Ruin
|turn|14
|
|t:|1685926237
|move|p1a: Jimmy Neutron|Will-O-Wisp|p2a: Chien-Pao
|-status|p2a: Chien-Pao|brn
|move|p2a: Chien-Pao|Crunch|p1a: Jimmy Neutron
|-supereffective|p1a: Jimmy Neutron
|-damage|p1a: Jimmy Neutron|0 fnt
|faint|p1a: Jimmy Neutron
|-damage|p2a: Chien-Pao|91/100 brn|[from] item: Life Orb
|
|-damage|p2a: Chien-Pao|85/100 brn|[from] brn
|upkeep
|
|t:|1685926251
|switch|p1a: Bruce Lee|Urshifu-Rapid-Strike, M, tera:Water|100/100
|turn|15
|
|t:|1685926265
|move|p2a: Chien-Pao|Crunch|p1a: Bruce Lee
|-damage|p1a: Bruce Lee|66/100
|-damage|p2a: Chien-Pao|75/100 brn|[from] item: Life Orb
|move|p1a: Bruce Lee|Surging Strikes|p2a: Chien-Pao
|-crit|p2a: Chien-Pao
|-damage|p2a: Chien-Pao|19/100 brn
|-crit|p2a: Chien-Pao
|-damage|p2a: Chien-Pao|0 fnt
|faint|p2a: Chien-Pao
|-hitcount|p2: Chien-Pao|2
|
|upkeep
|
|t:|1685926275
|switch|p2a: Dragapult|Dragapult, M|52/100
|turn|16
|
|t:|1685926281
|switch|p1a: King of the hill|Kingambit, M|100/100
|-activate|p1a: King of the hill|ability: Supreme Overlord
|-start|p1a: King of the hill|fallen2|[silent]
|move|p2a: Dragapult|Dragon Darts|p1a: King of the hill
|-resisted|p1a: King of the hill
|-damage|p1a: King of the hill|92/100
|-anim|p2a: Dragapult|Dragon Darts|p1a: King of the hill
|-resisted|p1a: King of the hill
|-damage|p1a: King of the hill|83/100
|
|upkeep
|turn|17
|
|t:|1685926287
|move|p1a: King of the hill|Sucker Punch||[still]
|-fail|p1a: King of the hill
|move|p2a: Dragapult|Reflect|p2a: Dragapult
|-sidestart|p2: sneets|Reflect
|
|upkeep
|turn|18
|
|t:|1685926291
|move|p2a: Dragapult|Light Screen|p2a: Dragapult
|-sidestart|p2: sneets|move: Light Screen
|move|p1a: King of the hill|Kowtow Cleave|p2a: Dragapult
|-supereffective|p2a: Dragapult
|-damage|p2a: Dragapult|0 fnt
|faint|p2a: Dragapult
|
|upkeep
|
|t:|1685926295
|switch|p2a: Magearna|Magearna|100/100
|turn|19
|
|t:|1685926300
|move|p2a: Magearna|Shift Gear|p2a: Magearna
|-boost|p2a: Magearna|spe|2
|-boost|p2a: Magearna|atk|1
|move|p1a: King of the hill|Swords Dance|p1a: King of the hill
|-boost|p1a: King of the hill|atk|2
|
|upkeep
|turn|20
|
|t:|1685926304
|move|p2a: Magearna|Calm Mind|p2a: Magearna
|-boost|p2a: Magearna|spa|1
|-boost|p2a: Magearna|spd|1
|move|p1a: King of the hill|Iron Head|p2a: Magearna
|-damage|p2a: Magearna|53/100
|
|-heal|p2a: Magearna|59/100|[from] item: Leftovers
|upkeep
|turn|21
|
|t:|1685926310
|move|p2a: Magearna|Calm Mind|p2a: Magearna
|-boost|p2a: Magearna|spa|1
|-boost|p2a: Magearna|spd|1
|move|p1a: King of the hill|Iron Head|p2a: Magearna
|-damage|p2a: Magearna|9/100
|
|-heal|p2a: Magearna|15/100|[from] item: Leftovers
|upkeep
|turn|22
|
|t:|1685926314
|move|p1a: King of the hill|Sucker Punch|p2a: Magearna
|-resisted|p2a: Magearna
|-damage|p2a: Magearna|0 fnt
|faint|p2a: Magearna
|
|upkeep
|-message|sneets forfeited.
|
|win|Lemousine
|raw|Lemousine's rating: 1163 → 1186(+23 for winning)
|raw|sneets's rating: 1139 → 1116(-23 for losing)
|l|☆sneets
