|j|☆notafatcat
|j|☆One True Lycan
|t:|1685875608
|gametype|singles
|player|p1|notafatcat|clown|1446
|player|p2|One True Lycan|rei|1465
|teamsize|p1|6
|teamsize|p2|6
|gen|9
|tier|[Gen 9] OU
|rated|
|rule|Sleep Clause Mod: Limit one foe put to sleep
|rule|Species Clause: Limit one of each Pokémon
|rule|OHKO Clause: OHKO moves are banned
|rule|Evasion Items Clause: Evasion items are banned
|rule|Evasion Moves Clause: Evasion moves are banned
|rule|Endless Battle Clause: Forcing endless battles is banned
|rule|HP Percentage Mod: HP is shown in percentages
|clearpoke
|poke|p1|Chien-Pao|
|poke|p1|Volcarona, M|
|poke|p1|Grimmsnarl, M|
|poke|p1|Magearna|
|poke|p1|Zamazenta-*|
|poke|p1|Zapdos-Galar|
|poke|p2|Tornadus-Therian, M|
|poke|p2|Urshifu-*, M|
|poke|p2|Roaring Moon|
|poke|p2|Skeledirge, F|
|poke|p2|Corviknight, F|
|poke|p2|Sandy Shocks|
|teampreview
|inactive|Battle timer is ON: inactive players will automatically lose when time's up. (requested by One True Lycan)
|c|☆One True Lycan|Gl hf
|c|☆notafatcat|u2
|
|t:|1685875632
|start
|switch|p1a: Grimmsnarl|Grimmsnarl, M|100/100
|switch|p2a: Iron Fist|Urshifu-Rapid-Strike, M|100/100
|turn|1
|
|t:|1685875647
|move|p1a: Grimmsnarl|Reflect|p1a: Grimmsnarl
|-sidestart|p1: notafatcat|Reflect
|move|p2a: Iron Fist|Swords Dance|p2a: Iron Fist
|-boost|p2a: Iron Fist|atk|2
|
|upkeep
|turn|2
|
|t:|1685875650
|move|p1a: Grimmsnarl|Parting Shot|p2a: Iron Fist
|-unboost|p2a: Iron Fist|atk|1
|-unboost|p2a: Iron Fist|spa|1
|
|t:|1685875658
|switch|p1a: Volcarona|Volcarona, M|100/100|[from] Parting Shot
|move|p2a: Iron Fist|Surging Strikes|p1a: Volcarona
|-supereffective|p1a: Volcarona
|-crit|p1a: Volcarona
|-damage|p1a: Volcarona|0 fnt
|faint|p1a: Volcarona
|-hitcount|p1: Volcarona|1
|
|upkeep
|
|t:|1685875664
|switch|p1a: Zapdos|Zapdos-Galar|100/100
|turn|3
|
|t:|1685875671
|switch|p2a: Electro|Sandy Shocks|100/100
|move|p1a: Zapdos|Brave Bird|p2a: Electro
|-resisted|p2a: Electro
|-damage|p2a: Electro|66/100
|-damage|p1a: Zapdos|89/100|[from] Recoil
|
|-heal|p1a: Zapdos|96/100|[from] item: Leftovers
|upkeep
|turn|4
|
|t:|1685875678
|move|p1a: Zapdos|Substitute|p1a: Zapdos
|-start|p1a: Zapdos|Substitute
|-damage|p1a: Zapdos|71/100
|move|p2a: Electro|Volt Switch|p1a: Zapdos
|-supereffective|p1a: Zapdos
|-end|p1a: Zapdos|Substitute
|
|t:|1685875682
|-end|p2a: Electro|Protosynthesis|[silent]
|switch|p2a: Storm|Tornadus-Therian, M|100/100|[from] Volt Switch
|
|-heal|p1a: Zapdos|77/100|[from] item: Leftovers
|upkeep
|turn|5
|
|t:|1685875688
|switch|p1a: Grimmsnarl|Grimmsnarl, M|100/100
|move|p2a: Storm|Bleakwind Storm|p1a: Grimmsnarl
|-damage|p1a: Grimmsnarl|48/100
|
|upkeep
|turn|6
|
|t:|1685875691
|move|p1a: Grimmsnarl|Light Screen|p1a: Grimmsnarl
|-sidestart|p1: notafatcat|move: Light Screen
|move|p2a: Storm|Bleakwind Storm|p1a: Grimmsnarl
|-damage|p1a: Grimmsnarl|21/100
|
|upkeep
|turn|7
|
|t:|1685875694
|move|p1a: Grimmsnarl|Parting Shot|p2a: Storm
|-unboost|p2a: Storm|atk|1
|-unboost|p2a: Storm|spa|1
|
|t:|1685875695
|switch|p1a: Magearna|Magearna|100/100|[from] Parting Shot
|move|p2a: Storm|Bleakwind Storm|p1a: Magearna
|-resisted|p1a: Magearna
|-damage|p1a: Magearna|91/100
|
|upkeep
|turn|8
|
|t:|1685875703
|switch|p2a: Vulture|Corviknight, F|100/100
|-ability|p2a: Vulture|Pressure
|switch|p1a: Chien-Pao|Chien-Pao|100/100
|-ability|p1a: Chien-Pao|Sword of Ruin
|
|-sideend|p1: notafatcat|Reflect
|upkeep
|turn|9
|
|t:|1685875710
|-terastallize|p1a: Chien-Pao|Dark
|move|p1a: Chien-Pao|Crunch|p2a: Vulture
|-damage|p2a: Vulture|32/100
|-damage|p1a: Chien-Pao|84/100|[from] item: Rocky Helmet|[of] p2a: Vulture
|move|p2a: Vulture|Defog|p1a: Chien-Pao
|-unboost|p1a: Chien-Pao|evasion|1
|-sideend|p1: notafatcat|move: Light Screen
|
|upkeep
|turn|10
|
|t:|1685875718
|switch|p2a: Iron Fist|Urshifu-Rapid-Strike, M|100/100
|move|p1a: Chien-Pao|Crunch|p2a: Iron Fist
|-resisted|p2a: Iron Fist
|-damage|p2a: Iron Fist|52/100
|
|upkeep
|turn|11
|
|t:|1685875723
|switch|p1a: Zamazenta|Zamazenta|100/100
|-ability|p1a: Zamazenta|Dauntless Shield|boost
|-boost|p1a: Zamazenta|def|1
|move|p2a: Iron Fist|Close Combat|p1a: Zamazenta
|-damage|p1a: Zamazenta|71/100
|-unboost|p2a: Iron Fist|def|1
|-unboost|p2a: Iron Fist|spd|1
|
|-heal|p1a: Zamazenta|77/100|[from] item: Leftovers
|upkeep
|turn|12
|
|t:|1685875732
|switch|p1a: Chien-Pao|Chien-Pao, tera:Dark|84/100
|-ability|p1a: Chien-Pao|Sword of Ruin
|switch|p2a: Ghost Rider|Skeledirge, F|100/100
|
|upkeep
|turn|13
|
|t:|1685875746
|switch|p2a: Vulture|Corviknight, F|32/100
|-ability|p2a: Vulture|Pressure
|move|p1a: Chien-Pao|Icicle Crash|p2a: Vulture
|-damage|p2a: Vulture|0 fnt
|faint|p2a: Vulture
|
|upkeep
|
|t:|1685875760
|switch|p2a: Ghost Rider|Skeledirge, F|100/100
|turn|14
|
|t:|1685875768
|move|p1a: Chien-Pao|Icicle Crash|p2a: Ghost Rider
|-resisted|p2a: Ghost Rider
|-damage|p2a: Ghost Rider|66/100
|move|p2a: Ghost Rider|Torch Song|p1a: Chien-Pao
|-damage|p1a: Chien-Pao|34/100
|-boost|p2a: Ghost Rider|spa|1
|
|upkeep
|turn|15
|
|t:|1685875771
|switch|p1a: Grimmsnarl|Grimmsnarl, M|21/100
|move|p2a: Ghost Rider|Torch Song|p1a: Grimmsnarl
|-damage|p1a: Grimmsnarl|0 fnt
|-boost|p2a: Ghost Rider|spa|1
|faint|p1a: Grimmsnarl
|
|upkeep
|
|t:|1685875773
|switch|p1a: Chien-Pao|Chien-Pao, tera:Dark|34/100
|-ability|p1a: Chien-Pao|Sword of Ruin
|turn|16
|
|t:|1685875788
|switch|p2a: Electro|Sandy Shocks|66/100
|move|p1a: Chien-Pao|Crunch|p2a: Electro
|-damage|p2a: Electro|0 fnt
|faint|p2a: Electro
|-end|p2a: Electro|Protosynthesis|[silent]
|
|upkeep
|
|t:|1685875806
|switch|p2a: Iron Fist|Urshifu-Rapid-Strike, M|52/100
|turn|17
|
|t:|1685875812
|switch|p1a: Zapdos|Zapdos-Galar|77/100
|move|p2a: Iron Fist|Surging Strikes|p1a: Zapdos
|-crit|p1a: Zapdos
|-damage|p1a: Zapdos|52/100
|-crit|p1a: Zapdos
|-damage|p1a: Zapdos|27/100
|-crit|p1a: Zapdos
|-damage|p1a: Zapdos|1/100
|-hitcount|p1a: Zapdos|3
|
|-heal|p1a: Zapdos|7/100|[from] item: Leftovers
|upkeep
|turn|18
|
|t:|1685875818
|move|p2a: Iron Fist|Aqua Jet|p1a: Zapdos
|-damage|p1a: Zapdos|0 fnt
|faint|p1a: Zapdos
|
|upkeep
|
|t:|1685875825
|switch|p1a: Zamazenta|Zamazenta|77/100
|turn|19
|
|t:|1685875831
|switch|p2a: Storm|Tornadus-Therian, M|100/100
|move|p1a: Zamazenta|Crunch|p2a: Storm
|-damage|p2a: Storm|72/100
|
|-heal|p1a: Zamazenta|83/100|[from] item: Leftovers
|upkeep
|turn|20
|
|t:|1685875838
|move|p1a: Zamazenta|Body Press|p2a: Storm
|-resisted|p2a: Storm
|-damage|p2a: Storm|45/100
|move|p2a: Storm|Bleakwind Storm|p1a: Zamazenta
|-supereffective|p1a: Zamazenta
|-damage|p1a: Zamazenta|0 fnt
|faint|p1a: Zamazenta
|
|upkeep
|
|t:|1685875840
|switch|p1a: Magearna|Magearna|91/100
|turn|21
|
|t:|1685875844
|move|p2a: Storm|Bleakwind Storm|p1a: Magearna|[miss]
|-miss|p2a: Storm|p1a: Magearna
|move|p1a: Magearna|Calm Mind|p1a: Magearna
|-boost|p1a: Magearna|spa|1
|-boost|p1a: Magearna|spd|1
|
|upkeep
|turn|22
|
|t:|1685875846
|switch|p2a: Ghost Rider|Skeledirge, F|66/100
|move|p1a: Magearna|Shift Gear|p1a: Magearna
|-boost|p1a: Magearna|spe|2
|-boost|p1a: Magearna|atk|1
|
|upkeep
|turn|23
|
|t:|1685875850
|-terastallize|p2a: Ghost Rider|Dark
|move|p1a: Magearna|Stored Power|p2a: Ghost Rider
|-immune|p2a: Ghost Rider
|move|p2a: Ghost Rider|Slack Off|p2a: Ghost Rider
|-heal|p2a: Ghost Rider|100/100
|
|upkeep
|turn|24
|
|t:|1685875857
|move|p1a: Magearna|Calm Mind|p1a: Magearna
|-boost|p1a: Magearna|spa|1
|-boost|p1a: Magearna|spd|1
|move|p2a: Ghost Rider|Torch Song|p1a: Magearna
|-supereffective|p1a: Magearna
|-damage|p1a: Magearna|42/100
|-boost|p2a: Ghost Rider|spa|1
|-enditem|p1a: Magearna|Weakness Policy
|-boost|p1a: Magearna|atk|2|[from] item: Weakness Policy
|-boost|p1a: Magearna|spa|2|[from] item: Weakness Policy
|
|upkeep
|turn|25
|
|t:|1685875860
|move|p1a: Magearna|Draining Kiss|p2a: Ghost Rider
|-supereffective|p2a: Ghost Rider
|-damage|p2a: Ghost Rider|70/100
|-heal|p1a: Magearna|68/100|[from] drain|[of] p2a: Ghost Rider
|move|p2a: Ghost Rider|Torch Song|p1a: Magearna
|-supereffective|p1a: Magearna
|-damage|p1a: Magearna|0 fnt
|-boost|p2a: Ghost Rider|spa|1
|faint|p1a: Magearna
|
|upkeep
|
|t:|1685875862
|switch|p1a: Chien-Pao|Chien-Pao, tera:Dark|34/100
|-ability|p1a: Chien-Pao|Sword of Ruin
|turn|26
|
|t:|1685875866
|move|p1a: Chien-Pao|Sacred Sword|p2a: Ghost Rider
|-supereffective|p2a: Ghost Rider
|-damage|p2a: Ghost Rider|0 fnt
|faint|p2a: Ghost Rider
|
|upkeep
|
|t:|1685875870
|switch|p2a: Storm|Tornadus-Therian, M|78/100
|turn|27
|
|t:|1685875871
|move|p1a: Chien-Pao|Sacred Sword|p2a: Storm
|-resisted|p2a: Storm
|-damage|p2a: Storm|39/100
|move|p2a: Storm|Heat Wave|p1a: Chien-Pao
|-damage|p1a: Chien-Pao|0 fnt
|faint|p1a: Chien-Pao
|
|win|One True Lycan
|raw|notafatcat's rating: 1446 → 1427(-19 for losing)
|raw|One True Lycan's rating: 1465 → 1484(+19 for winning)
|c|☆One True Lycan|Gg
|l|☆notafatcat
