|j|☆tjking34
|j|☆JayJayWTB
|t:|1685823799
|gametype|singles
|player|p1|tjking34|marshal|
|player|p2|JayJayWTB|cameraman|
|teamsize|p1|6
|teamsize|p2|6
|gen|9
|tier|[Gen 9] OU
|rule|Sleep Clause Mod: Limit one foe put to sleep
|rule|Species Clause: Limit one of each Pokémon
|rule|OHKO Clause: OHKO moves are banned
|rule|Evasion Items Clause: Evasion items are banned
|rule|Evasion Moves Clause: Evasion moves are banned
|rule|Endless Battle Clause: Forcing endless battles is banned
|rule|HP Percentage Mod: HP is shown in percentages
|clearpoke
|poke|p1|Tyranitar, M|
|poke|p1|Walking Wake|
|poke|p1|Torkoal, M|
|poke|p1|Abomasnow, M|
|poke|p1|Weavile, F|
|poke|p1|Copperajah, M|
|poke|p2|Baxcalibur, M|
|poke|p2|Great Tusk|
|poke|p2|Toxapex, M|
|poke|p2|Gengar, M|
|poke|p2|Charizard, M|
|poke|p2|Volcarona, M|
|teampreview
|
|t:|1685823816
|start
|switch|p1a: Rocky|Tyranitar, M|100/100
|switch|p2a: Toxavestisbest|Toxapex, M, shiny|100/100
|-weather|Sandstorm|[from] ability: Sand Stream|[of] p1a: Rocky
|turn|1
|
|t:|1685823823
|move|p1a: Rocky|Stealth Rock|p2a: Toxavestisbest
|-sidestart|p2: JayJayWTB|move: Stealth Rock
|move|p2a: Toxavestisbest|Surf|p1a: Rocky
|-supereffective|p1a: Rocky
|-damage|p1a: Rocky|79/100
|
|-weather|Sandstorm|[upkeep]
|-damage|p2a: Toxavestisbest|95/100|[from] Sandstorm
|-heal|p1a: Rocky|85/100|[from] item: Leftovers
|upkeep
|turn|2
|
|t:|1685823838
|move|p1a: Rocky|Earthquake|p2a: Toxavestisbest
|-supereffective|p2a: Toxavestisbest
|-damage|p2a: Toxavestisbest|43/100
|move|p2a: Toxavestisbest|Surf|p1a: Rocky
|-supereffective|p1a: Rocky
|-damage|p1a: Rocky|66/100
|
|-weather|Sandstorm|[upkeep]
|-damage|p2a: Toxavestisbest|37/100|[from] Sandstorm
|-heal|p1a: Rocky|72/100|[from] item: Leftovers
|upkeep
|turn|3
|
|t:|1685823853
|-terastallize|p2a: Toxavestisbest|Fairy
|move|p1a: Rocky|Earthquake|p2a: Toxavestisbest
|-damage|p2a: Toxavestisbest|9/100
|move|p2a: Toxavestisbest|Ice Beam|p1a: Rocky
|-damage|p1a: Rocky|65/100
|
|-weather|Sandstorm|[upkeep]
|-damage|p2a: Toxavestisbest|3/100|[from] Sandstorm
|-heal|p1a: Rocky|72/100|[from] item: Leftovers
|upkeep
|turn|4
|
|t:|1685823873
|switch|p2a: Godzilla??|Baxcalibur, M, shiny|100/100
|move|p1a: Rocky|Earthquake|p2a: Godzilla??
|-damage|p2a: Godzilla??|73/100
|
|-weather|Sandstorm|[upkeep]
|-damage|p2a: Godzilla??|67/100|[from] Sandstorm
|-heal|p1a: Rocky|78/100|[from] item: Leftovers
|upkeep
|turn|5
|
|t:|1685823889
|-terastallize|p1a: Rocky|Ground
|move|p2a: Godzilla??|Swords Dance|p2a: Godzilla??
|-boost|p2a: Godzilla??|atk|2
|move|p1a: Rocky|Earthquake|p2a: Godzilla??
|-damage|p2a: Godzilla??|28/100
|
|-weather|none
|-heal|p1a: Rocky|84/100|[from] item: Leftovers
|upkeep
|turn|6
|
|t:|1685823898
|move|p2a: Godzilla??|Icicle Spear|p1a: Rocky
|-supereffective|p1a: Rocky
|-damage|p1a: Rocky|51/100
|-supereffective|p1a: Rocky
|-damage|p1a: Rocky|18/100
|-supereffective|p1a: Rocky
|-damage|p1a: Rocky|0 fnt
|faint|p1a: Rocky
|-hitcount|p1: Rocky|3
|
|upkeep
|
|t:|1685823906
|switch|p1a: Slasher|Weavile, F|100/100
|-ability|p1a: Slasher|Pressure
|turn|7
|
|t:|1685823914
|move|p1a: Slasher|Low Kick|p2a: Godzilla??
|-supereffective|p2a: Godzilla??
|-damage|p2a: Godzilla??|0 fnt
|faint|p2a: Godzilla??
|
|upkeep
|
|t:|1685823933
|switch|p2a: Spoopy Boi|Gengar, M, shiny|100/100
|-damage|p2a: Spoopy Boi|88/100|[from] Stealth Rock
|turn|8
|
|t:|1685823940
|switch|p1a: Snowy|Abomasnow, M|100/100
|-weather|Snow|[from] ability: Snow Warning|[of] p1a: Snowy
|move|p2a: Spoopy Boi|Shadow Ball|p1a: Snowy
|-damage|p1a: Snowy|61/100
|-unboost|p1a: Snowy|spd|1
|
|-weather|Snow|[upkeep]
|-heal|p2a: Spoopy Boi|94/100|[from] item: Leftovers
|upkeep
|turn|9
|
|t:|1685823951
|move|p2a: Spoopy Boi|Shadow Ball|p1a: Snowy
|-damage|p1a: Snowy|1/100
|move|p1a: Snowy|Aurora Veil|p1a: Snowy
|-sidestart|p1: tjking34|move: Aurora Veil
|
|-weather|Snow|[upkeep]
|-heal|p2a: Spoopy Boi|99/100|[from] item: Leftovers
|upkeep
|turn|10
|
|t:|1685823959
|move|p2a: Spoopy Boi|Sludge Bomb|p1a: Snowy
|-supereffective|p1a: Snowy
|-damage|p1a: Snowy|0 fnt
|faint|p1a: Snowy
|
|-weather|Snow|[upkeep]
|-heal|p2a: Spoopy Boi|100/100|[from] item: Leftovers
|upkeep
|
|t:|1685823965
|switch|p1a: Slasher|Weavile, F|100/100
|-ability|p1a: Slasher|Pressure
|turn|11
|
|t:|1685823971
|move|p1a: Slasher|Night Slash|p2a: Spoopy Boi
|-supereffective|p2a: Spoopy Boi
|-crit|p2a: Spoopy Boi
|-damage|p2a: Spoopy Boi|0 fnt
|faint|p2a: Spoopy Boi
|
|-weather|Snow|[upkeep]
|upkeep
|
|t:|1685823982
|switch|p2a: The Black Dread|Charizard, M, shiny|100/100
|-damage|p2a: The Black Dread|50/100|[from] Stealth Rock
|turn|12
|
|t:|1685823988
|move|p1a: Slasher|Night Slash|p2a: The Black Dread
|-damage|p2a: The Black Dread|0 fnt
|faint|p2a: The Black Dread
|
|-weather|Snow|[upkeep]
|upkeep
|
|t:|1685823996
|switch|p2a: Great Tusk|Great Tusk, shiny|100/100
|-damage|p2a: Great Tusk|97/100|[from] Stealth Rock
|turn|13
|
|t:|1685824011
|switch|p1a: Burny|Torkoal, M|100/100
|-weather|SunnyDay|[from] ability: Drought|[of] p1a: Burny
|-activate|p2a: Great Tusk|ability: Protosynthesis
|-start|p2a: Great Tusk|protosynthesisdef
|move|p2a: Great Tusk|Rapid Spin|p1a: Burny
|-damage|p1a: Burny|96/100
|-boost|p2a: Great Tusk|spe|1
|-sideend|p2: JayJayWTB|Stealth Rock|[from] move: Rapid Spin|[of] p2a: Great Tusk
|
|-weather|SunnyDay|[upkeep]
|-heal|p2a: Great Tusk|100/100|[from] item: Leftovers
|-sideend|p1: tjking34|move: Aurora Veil
|upkeep
|turn|14
|
|t:|1685824024
|move|p2a: Great Tusk|Earthquake|p1a: Burny
|-supereffective|p1a: Burny
|-damage|p1a: Burny|47/100
|move|p1a: Burny|Will-O-Wisp|p2a: Great Tusk|[miss]
|-miss|p1a: Burny|p2a: Great Tusk
|
|-weather|SunnyDay|[upkeep]
|upkeep
|turn|15
|
|t:|1685824032
|move|p2a: Great Tusk|Stealth Rock|p1a: Burny
|-sidestart|p1: tjking34|move: Stealth Rock
|move|p1a: Burny|Will-O-Wisp|p2a: Great Tusk
|-status|p2a: Great Tusk|brn
|
|-weather|SunnyDay|[upkeep]
|-damage|p2a: Great Tusk|94/100 brn|[from] brn
|upkeep
|turn|16
|
|t:|1685824043
|move|p2a: Great Tusk|Rapid Spin|p1a: Burny
|-damage|p1a: Burny|42/100
|-boost|p2a: Great Tusk|spe|1
|move|p1a: Burny|Rapid Spin|p2a: Great Tusk
|-damage|p2a: Great Tusk|90/100 brn
|-boost|p1a: Burny|spe|1
|-sideend|p1: tjking34|Stealth Rock|[from] move: Rapid Spin|[of] p1a: Burny
|
|-weather|SunnyDay|[upkeep]
|-heal|p2a: Great Tusk|96/100 brn|[from] item: Leftovers
|-damage|p2a: Great Tusk|90/100 brn|[from] brn
|upkeep
|turn|17
|
|t:|1685824054
|move|p2a: Great Tusk|Earthquake|p1a: Burny
|-supereffective|p1a: Burny
|-damage|p1a: Burny|17/100
|move|p1a: Burny|Lava Plume|p2a: Great Tusk
|-damage|p2a: Great Tusk|46/100 brn
|
|-weather|SunnyDay|[upkeep]
|-heal|p2a: Great Tusk|52/100 brn|[from] item: Leftovers
|-damage|p2a: Great Tusk|46/100 brn|[from] brn
|upkeep
|turn|18
|
|t:|1685824063
|move|p2a: Great Tusk|Earthquake|p1a: Burny
|-supereffective|p1a: Burny
|-damage|p1a: Burny|0 fnt
|faint|p1a: Burny
|
|-weather|SunnyDay|[upkeep]
|-heal|p2a: Great Tusk|52/100 brn|[from] item: Leftovers
|-damage|p2a: Great Tusk|46/100 brn|[from] brn
|upkeep
|
|t:|1685824070
|switch|p1a: Watery|Walking Wake|100/100
|-activate|p1a: Watery|ability: Protosynthesis
|-start|p1a: Watery|protosynthesisspa
|turn|19
|
|t:|1685824080
|move|p2a: Great Tusk|Rapid Spin|p1a: Watery
|-damage|p1a: Watery|92/100
|-boost|p2a: Great Tusk|spe|1
|move|p1a: Watery|Hydro Steam|p2a: Great Tusk
|-supereffective|p2a: Great Tusk
|-damage|p2a: Great Tusk|0 fnt
|faint|p2a: Great Tusk
|-end|p2a: Great Tusk|Protosynthesis|[silent]
|
|-weather|SunnyDay|[upkeep]
|upkeep
|
|t:|1685824096
|switch|p2a: Firefly|Volcarona, M, shiny|100/100
|turn|20
|
|t:|1685824102
|-end|p1a: Watery|Protosynthesis|[silent]
|switch|p1a: Da Boom|Copperajah, M|100/100
|move|p2a: Firefly|Substitute|p2a: Firefly
|-start|p2a: Firefly|Substitute
|-damage|p2a: Firefly|76/100
|
|-weather|none
|upkeep
|turn|21
|
|t:|1685824110
|move|p2a: Firefly|Flamethrower|p1a: Da Boom
|-supereffective|p1a: Da Boom
|-damage|p1a: Da Boom|31/100
|move|p1a: Da Boom|Stealth Rock|p2a: Firefly
|-sidestart|p2: JayJayWTB|move: Stealth Rock
|
|-heal|p1a: Da Boom|37/100|[from] item: Leftovers
|upkeep
|turn|22
|
|t:|1685824119
|move|p2a: Firefly|Quiver Dance|p2a: Firefly
|-boost|p2a: Firefly|spa|1
|-boost|p2a: Firefly|spd|1
|-boost|p2a: Firefly|spe|1
|move|p1a: Da Boom|Whirlwind|p2a: Firefly
|drag|p2a: Toxavestisbest|Toxapex, M, shiny, tera:Fairy|36/100
|-damage|p2a: Toxavestisbest|24/100|[from] Stealth Rock
|
|-heal|p1a: Da Boom|43/100|[from] item: Leftovers
|upkeep
|turn|23
|
|t:|1685824137
|move|p2a: Toxavestisbest|Ice Beam|p1a: Da Boom
|-resisted|p1a: Da Boom
|-damage|p1a: Da Boom|37/100
|move|p1a: Da Boom|Whirlwind|p2a: Toxavestisbest
|drag|p2a: Firefly|Volcarona, M, shiny|76/100
|
|-heal|p1a: Da Boom|43/100|[from] item: Leftovers
|upkeep
|turn|24
|
|t:|1685824145
|move|p2a: Firefly|Substitute|p2a: Firefly
|-start|p2a: Firefly|Substitute
|-damage|p2a: Firefly|51/100
|move|p1a: Da Boom|Whirlwind|p2a: Firefly
|drag|p2a: Toxavestisbest|Toxapex, M, shiny, tera:Fairy|57/100
|-damage|p2a: Toxavestisbest|45/100|[from] Stealth Rock
|
|-heal|p1a: Da Boom|49/100|[from] item: Leftovers
|upkeep
|turn|25
|
|t:|1685824154
|move|p2a: Toxavestisbest|Surf|p1a: Da Boom
|-damage|p1a: Da Boom|30/100
|move|p1a: Da Boom|Heavy Slam|p2a: Toxavestisbest
|-supereffective|p2a: Toxavestisbest
|-damage|p2a: Toxavestisbest|0 fnt
|faint|p2a: Toxavestisbest
|
|-heal|p1a: Da Boom|36/100|[from] item: Leftovers
|upkeep
|
|t:|1685824161
|switch|p2a: Firefly|Volcarona, M, shiny|51/100
|turn|26
|
|t:|1685824168
|move|p2a: Firefly|Substitute|p2a: Firefly
|-start|p2a: Firefly|Substitute
|-damage|p2a: Firefly|26/100
|move|p1a: Da Boom|Earthquake|p2a: Firefly
|-end|p2a: Firefly|Substitute
|
|-heal|p1a: Da Boom|42/100|[from] item: Leftovers
|upkeep
|turn|27
|
|t:|1685824174
|move|p2a: Firefly|Flamethrower|p1a: Da Boom
|-supereffective|p1a: Da Boom
|-damage|p1a: Da Boom|0 fnt
|faint|p1a: Da Boom
|
|upkeep
|
|t:|1685824180
|switch|p1a: Slasher|Weavile, F|100/100
|-ability|p1a: Slasher|Pressure
|turn|28
|
|t:|1685824186
|move|p1a: Slasher|Night Slash|p2a: Firefly
|-damage|p2a: Firefly|0 fnt
|faint|p2a: Firefly
|
|win|tjking34
