|j|☆pokemonmaster3556
|j|☆Boomdiddyhop
|t:|1685929962
|gametype|singles
|player|p1|pokemonmaster3556|169|1361
|player|p2|Boomdiddyhop|petrel|1457
|teamsize|p1|6
|teamsize|p2|6
|gen|9
|tier|[Gen 9] OU
|rated|
|rule|Sleep Clause Mod: Limit one foe put to sleep
|rule|Species Clause: Limit one of each Pokémon
|rule|OHKO Clause: OHKO moves are banned
|rule|Evasion Items Clause: Evasion items are banned
|rule|Evasion Moves Clause: Evasion moves are banned
|rule|Endless Battle Clause: Forcing endless battles is banned
|rule|HP Percentage Mod: HP is shown in percentages
|clearpoke
|poke|p1|Tornadus-Therian, M|
|poke|p1|Ursaluna, F|
|poke|p1|Slowking, M|
|poke|p1|Great Tusk|
|poke|p1|Zamazenta-*|
|poke|p1|Dragapult, M|
|poke|p2|Baxcalibur, M|
|poke|p2|Walking Wake|
|poke|p2|Toedscruel, M|
|poke|p2|Iron Moth|
|poke|p2|Iron Valiant|
|poke|p2|Ursaluna, M|
|teampreview
|
|t:|1685929974
|start
|switch|p1a: Tornadus|Tornadus-Therian, M|100/100
|switch|p2a: Baxcalibur|Baxcalibur, M|100/100
|turn|1
|
|t:|1685929990
|switch|p1a: Slowking|Slowking, M|100/100
|-terastallize|p2a: Baxcalibur|Fairy
|move|p2a: Baxcalibur|Icicle Spear|p1a: Slowking
|-resisted|p1a: Slowking
|-crit|p1a: Slowking
|-damage|p1a: Slowking|89/100
|-resisted|p1a: Slowking
|-damage|p1a: Slowking|80/100
|-resisted|p1a: Slowking
|-damage|p1a: Slowking|72/100
|-resisted|p1a: Slowking
|-damage|p1a: Slowking|64/100
|-resisted|p1a: Slowking
|-damage|p1a: Slowking|55/100
|-hitcount|p1a: Slowking|5
|
|-heal|p1a: Slowking|61/100|[from] item: Leftovers
|upkeep
|turn|2
|inactive|Battle timer is ON: inactive players will automatically lose when time's up. (requested by Boomdiddyhop)
|
|t:|1685930006
|move|p2a: Baxcalibur|Glaive Rush|p1a: Slowking
|-damage|p1a: Slowking|0 fnt
|-singlemove|p2a: Baxcalibur|Glaive Rush|[silent]
|faint|p1a: Slowking
|
|upkeep
|
|t:|1685930022
|switch|p1a: Ursaluna|Ursaluna, F|100/100
|turn|3
|
|t:|1685930029
|move|p2a: Baxcalibur|Icicle Spear|p1a: Ursaluna
|-supereffective|p1a: Ursaluna
|-damage|p1a: Ursaluna|77/100
|-supereffective|p1a: Ursaluna
|-crit|p1a: Ursaluna
|-damage|p1a: Ursaluna|42/100
|-supereffective|p1a: Ursaluna
|-damage|p1a: Ursaluna|18/100
|-supereffective|p1a: Ursaluna
|-damage|p1a: Ursaluna|0 fnt
|faint|p1a: Ursaluna
|-hitcount|p1: Ursaluna|4
|
|upkeep
|
|t:|1685930034
|switch|p1a: Tornadus|Tornadus-Therian, M|100/100
|turn|4
|
|t:|1685930046
|move|p1a: Tornadus|Hurricane|p2a: Baxcalibur|[miss]
|-miss|p1a: Tornadus|p2a: Baxcalibur
|move|p2a: Baxcalibur|Icicle Spear|p1a: Tornadus
|-supereffective|p1a: Tornadus
|-damage|p1a: Tornadus|56/100
|-supereffective|p1a: Tornadus
|-damage|p1a: Tornadus|10/100
|-supereffective|p1a: Tornadus
|-damage|p1a: Tornadus|0 fnt
|faint|p1a: Tornadus
|-hitcount|p1: Tornadus|3
|
|upkeep
|
|t:|1685930058
|switch|p1a: Dragapult|Dragapult, M|100/100
|turn|5
|
|t:|1685930063
|-terastallize|p1a: Dragapult|Ghost
|move|p1a: Dragapult|Tera Blast|p2a: Baxcalibur
|-damage|p2a: Baxcalibur|47/100
|move|p2a: Baxcalibur|Icicle Spear|p1a: Dragapult
|-damage|p1a: Dragapult|78/100
|-damage|p1a: Dragapult|54/100
|-damage|p1a: Dragapult|30/100
|-damage|p1a: Dragapult|8/100
|-hitcount|p1a: Dragapult|4
|
|upkeep
|turn|6
|
|t:|1685930081
|move|p2a: Baxcalibur|Ice Shard|p1a: Dragapult
|-crit|p1a: Dragapult
|-damage|p1a: Dragapult|0 fnt
|faint|p1a: Dragapult
|
|upkeep
|
|t:|1685930084
|switch|p1a: Great Tusk|Great Tusk|100/100
|turn|7
|
|t:|1685930091
|move|p2a: Baxcalibur|Icicle Spear|p1a: Great Tusk
|-supereffective|p1a: Great Tusk
|-damage|p1a: Great Tusk|85/100
|-supereffective|p1a: Great Tusk
|-damage|p1a: Great Tusk|69/100
|-supereffective|p1a: Great Tusk
|-damage|p1a: Great Tusk|54/100
|-supereffective|p1a: Great Tusk
|-damage|p1a: Great Tusk|40/100
|-hitcount|p1a: Great Tusk|4
|move|p1a: Great Tusk|Stealth Rock|p2a: Baxcalibur
|-sidestart|p2: Boomdiddyhop|move: Stealth Rock
|
|upkeep
|turn|8
|
|t:|1685930101
|move|p2a: Baxcalibur|Icicle Spear|p1a: Great Tusk
|-supereffective|p1a: Great Tusk
|-damage|p1a: Great Tusk|25/100
|-supereffective|p1a: Great Tusk
|-damage|p1a: Great Tusk|10/100
|-supereffective|p1a: Great Tusk
|-crit|p1a: Great Tusk
|-damage|p1a: Great Tusk|0 fnt
|faint|p1a: Great Tusk
|-end|p1a: Great Tusk|Protosynthesis|[silent]
|-hitcount|p1: Great Tusk|3
|
|upkeep
|
|t:|1685930104
|switch|p1a: Zamazenta|Zamazenta|100/100
|-ability|p1a: Zamazenta|Dauntless Shield|boost
|-boost|p1a: Zamazenta|def|1
|turn|9
|
|t:|1685930113
|move|p1a: Zamazenta|Play Rough|p2a: Baxcalibur|[miss]
|-miss|p1a: Zamazenta|p2a: Baxcalibur
|move|p2a: Baxcalibur|Glaive Rush|p1a: Zamazenta
|-damage|p1a: Zamazenta|60/100
|-singlemove|p2a: Baxcalibur|Glaive Rush|[silent]
|
|upkeep
|turn|10
|
|t:|1685930121
|move|p1a: Zamazenta|Play Rough|p2a: Baxcalibur
|-damage|p2a: Baxcalibur|0 fnt
|faint|p2a: Baxcalibur
|
|upkeep
|
|t:|1685930127
|switch|p2a: Toedscruel|Toedscruel, M|100/100
|-damage|p2a: Toedscruel|95/100|[from] Stealth Rock
|turn|11
|
|t:|1685930134
|move|p1a: Zamazenta|Play Rough|p2a: Toedscruel
|-damage|p2a: Toedscruel|55/100
|move|p2a: Toedscruel|Spore|p1a: Zamazenta
|-status|p1a: Zamazenta|slp|[from] move: Spore
|
|-heal|p2a: Toedscruel|61/100|[from] item: Leftovers
|upkeep
|turn|12
|
|t:|1685930143
|cant|p1a: Zamazenta|slp
|move|p2a: Toedscruel|Leech Seed|p1a: Zamazenta
|-start|p1a: Zamazenta|move: Leech Seed
|
|-heal|p2a: Toedscruel|67/100|[from] item: Leftovers
|-damage|p1a: Zamazenta|48/100 slp|[from] Leech Seed|[of] p2a: Toedscruel
|-heal|p2a: Toedscruel|83/100|[silent]
|upkeep
|turn|13
|
|t:|1685930155
|-curestatus|p1a: Zamazenta|slp|[msg]
|move|p1a: Zamazenta|Close Combat|p2a: Toedscruel
|-damage|p2a: Toedscruel|13/100
|-unboost|p1a: Zamazenta|def|1
|-unboost|p1a: Zamazenta|spd|1
|move|p2a: Toedscruel|Rapid Spin|p1a: Zamazenta
|-damage|p1a: Zamazenta|41/100
|-boost|p2a: Toedscruel|spe|1
|-sideend|p2: Boomdiddyhop|Stealth Rock|[from] move: Rapid Spin|[of] p2a: Toedscruel
|
|-heal|p2a: Toedscruel|19/100|[from] item: Leftovers
|-damage|p1a: Zamazenta|29/100|[from] Leech Seed|[of] p2a: Toedscruel
|-heal|p2a: Toedscruel|35/100|[silent]
|upkeep
|turn|14
|
|t:|1685930170
|move|p2a: Toedscruel|Giga Drain|p1a: Zamazenta
|-damage|p1a: Zamazenta|9/100
|-heal|p2a: Toedscruel|48/100|[from] drain|[of] p1a: Zamazenta
|move|p1a: Zamazenta|Close Combat|p2a: Toedscruel
|-damage|p2a: Toedscruel|0 fnt
|-unboost|p1a: Zamazenta|def|1
|-unboost|p1a: Zamazenta|spd|1
|faint|p2a: Toedscruel
|
|upkeep
|
|t:|1685930190
|switch|p2a: Iron Valiant|Iron Valiant|100/100
|-enditem|p2a: Iron Valiant|Booster Energy
|-activate|p2a: Iron Valiant|ability: Quark Drive|[fromitem]
|-start|p2a: Iron Valiant|quarkdrivespe
|turn|15
|
|t:|1685930198
|move|p2a: Iron Valiant|Moonblast|p1a: Zamazenta
|-supereffective|p1a: Zamazenta
|-damage|p1a: Zamazenta|0 fnt
|faint|p1a: Zamazenta
|
|win|Boomdiddyhop
|raw|pokemonmaster3556's rating: 1361 → 1346(-15 for losing)
|raw|Boomdiddyhop's rating: 1457 → 1472(+15 for winning)
|l|☆pokemonmaster3556
