|j|☆YoungEsq
|j|☆DawnTyrantEo
|t:|1685900399
|gametype|singles
|player|p1|YoungEsq|102|1050
|player|p2|DawnTyrantEo|2|1063
|teamsize|p1|6
|teamsize|p2|6
|gen|9
|tier|[Gen 9] OU
|rated|
|rule|Sleep Clause Mod: Limit one foe put to sleep
|rule|Species Clause: Limit one of each Pokémon
|rule|OHKO Clause: OHKO moves are banned
|rule|Evasion Items Clause: Evasion items are banned
|rule|Evasion Moves Clause: Evasion moves are banned
|rule|Endless Battle Clause: Forcing endless battles is banned
|rule|HP Percentage Mod: HP is shown in percentages
|clearpoke
|poke|p1|Cinderace, M|
|poke|p1|Torkoal, F|
|poke|p1|Iron Moth|
|poke|p1|Rotom-Heat|
|poke|p1|Skeledirge, F|
|poke|p1|Scovillain, F|
|poke|p2|Avalugg-Hisui, F|
|poke|p2|Venomoth, F|
|poke|p2|Talonflame, M|
|poke|p2|Mismagius, F|
|poke|p2|Meloetta|
|poke|p2|Clodsire, M|
|teampreview
|
|t:|1685900409
|start
|switch|p1a: Torkoal|Torkoal, F|100/100
|switch|p2a: Mismagius|Mismagius, F|100/100
|-weather|SunnyDay|[from] ability: Drought|[of] p1a: Torkoal
|turn|1
|
|t:|1685900417
|move|p2a: Mismagius|Nasty Plot|p2a: Mismagius
|-boost|p2a: Mismagius|spa|2
|move|p1a: Torkoal|Yawn|p2a: Mismagius
|-start|p2a: Mismagius|move: Yawn|[of] p1a: Torkoal
|
|-weather|SunnyDay|[upkeep]
|upkeep
|turn|2
|
|t:|1685900424
|move|p2a: Mismagius|Shadow Ball|p1a: Torkoal
|-crit|p1a: Torkoal
|-damage|p1a: Torkoal|0 fnt
|faint|p1a: Torkoal
|
|-weather|SunnyDay|[upkeep]
|-end|p2a: Mismagius|move: Yawn|[silent]
|-status|p2a: Mismagius|slp
|upkeep
|
|t:|1685900431
|switch|p1a: Scovillain|Scovillain, F|100/100
|turn|3
|inactive|Battle timer is ON: inactive players will automatically lose when time's up. (requested by YoungEsq)
|
|t:|1685900439
|move|p1a: Scovillain|Growth|p1a: Scovillain
|-boost|p1a: Scovillain|atk|2
|-boost|p1a: Scovillain|spa|2
|cant|p2a: Mismagius|slp
|
|-weather|SunnyDay|[upkeep]
|upkeep
|turn|4
|
|t:|1685900449
|move|p1a: Scovillain|Growth|p1a: Scovillain
|-boost|p1a: Scovillain|atk|2
|-boost|p1a: Scovillain|spa|2
|-curestatus|p2a: Mismagius|slp|[msg]
|move|p2a: Mismagius|Destiny Bond|p2a: Mismagius
|-singlemove|p2a: Mismagius|Destiny Bond
|
|-weather|SunnyDay|[upkeep]
|upkeep
|turn|5
|
|t:|1685900463
|move|p1a: Scovillain|Growth|p1a: Scovillain
|-boost|p1a: Scovillain|atk|2
|-boost|p1a: Scovillain|spa|2
|move|p2a: Mismagius|Nasty Plot|p2a: Mismagius
|-boost|p2a: Mismagius|spa|2
|
|-weather|SunnyDay|[upkeep]
|upkeep
|turn|6
|
|t:|1685900470
|move|p1a: Scovillain|Flamethrower|p2a: Mismagius
|-damage|p2a: Mismagius|0 fnt
|faint|p2a: Mismagius
|-damage|p1a: Scovillain|91/100|[from] item: Life Orb
|
|-weather|SunnyDay|[upkeep]
|upkeep
|
|t:|1685900476
|switch|p2a: Clodsire|Clodsire, M|100/100
|turn|7
|
|t:|1685900481
|move|p1a: Scovillain|Energy Ball|p2a: Clodsire
|-damage|p2a: Clodsire|72/100
|-damage|p1a: Scovillain|81/100|[from] item: Life Orb
|move|p2a: Clodsire|Earthquake|p1a: Scovillain
|-damage|p1a: Scovillain|37/100
|
|-weather|SunnyDay|[upkeep]
|-heal|p2a: Clodsire|78/100|[from] item: Leftovers
|upkeep
|turn|8
|
|t:|1685900495
|move|p1a: Scovillain|Solar Beam||[still]
|-prepare|p1a: Scovillain|Solar Beam
|-anim|p1a: Scovillain|Solar Beam|p2a: Clodsire
|-damage|p2a: Clodsire|42/100
|-damage|p1a: Scovillain|27/100|[from] item: Life Orb
|move|p2a: Clodsire|Stealth Rock|p1a: Scovillain
|-sidestart|p1: YoungEsq|move: Stealth Rock
|
|-weather|none
|-heal|p2a: Clodsire|48/100|[from] item: Leftovers
|upkeep
|turn|9
|
|t:|1685900508
|move|p1a: Scovillain|Flamethrower|p2a: Clodsire
|-damage|p2a: Clodsire|18/100
|-damage|p1a: Scovillain|17/100|[from] item: Life Orb
|move|p2a: Clodsire|Recover|p2a: Clodsire
|-heal|p2a: Clodsire|68/100
|
|-heal|p2a: Clodsire|74/100|[from] item: Leftovers
|upkeep
|turn|10
|
|t:|1685900519
|move|p1a: Scovillain|Solar Beam||[still]
|-prepare|p1a: Scovillain|Solar Beam
|move|p2a: Clodsire|Toxic|p1a: Scovillain
|-status|p1a: Scovillain|tox
|
|-heal|p2a: Clodsire|80/100|[from] item: Leftovers
|-damage|p1a: Scovillain|11/100 tox|[from] psn
|upkeep
|turn|11
|
|t:|1685900526
|move|p1a: Scovillain|Solar Beam|p2a: Clodsire|[from]lockedmove
|-damage|p2a: Clodsire|44/100
|-damage|p1a: Scovillain|1/100 tox|[from] item: Life Orb
|move|p2a: Clodsire|Recover|p2a: Clodsire
|-heal|p2a: Clodsire|94/100
|
|-heal|p2a: Clodsire|99/100|[from] item: Leftovers
|-damage|p1a: Scovillain|0 fnt|[from] psn
|faint|p1a: Scovillain
|upkeep
|inactive|YoungEsq has 120 seconds left.
|
|t:|1685900557
|switch|p1a: Rotom|Rotom-Heat, shiny|100/100
|-damage|p1a: Rotom|75/100|[from] Stealth Rock
|turn|12
|
|t:|1685900562
|move|p1a: Rotom|Trick|p2a: Clodsire
|-activate|p1a: Rotom|move: Trick|[of] p2a: Clodsire
|-item|p2a: Clodsire|Choice Scarf|[from] move: Trick
|-item|p1a: Rotom|Leftovers|[from] move: Trick
|move|p2a: Clodsire|Toxic|p1a: Rotom
|-status|p1a: Rotom|tox
|
|-heal|p1a: Rotom|82/100 tox|[from] item: Leftovers
|-damage|p1a: Rotom|75/100 tox|[from] psn
|upkeep
|turn|13
|
|t:|1685900575
|switch|p2a: Meloetta|Meloetta|100/100
|move|p1a: Rotom|Will-O-Wisp|p2a: Meloetta
|-status|p2a: Meloetta|brn
|
|-heal|p1a: Rotom|82/100 tox|[from] item: Leftovers
|-damage|p1a: Rotom|69/100 tox|[from] psn
|-damage|p2a: Meloetta|94/100 brn|[from] brn
|upkeep
|turn|14
|
|t:|1685900592
|switch|p1a: Skeledirge|Skeledirge, F, shiny|100/100
|-damage|p1a: Skeledirge|76/100|[from] Stealth Rock
|move|p2a: Meloetta|Hyper Voice|p1a: Skeledirge
|-immune|p1a: Skeledirge
|
|-heal|p1a: Skeledirge|82/100|[from] item: Leftovers
|-damage|p2a: Meloetta|88/100 brn|[from] brn
|upkeep
|turn|15
|
|t:|1685900607
|switch|p2a: Clodsire|Clodsire, M|99/100
|move|p1a: Skeledirge|Torch Song|p2a: Clodsire
|-damage|p2a: Clodsire|85/100
|-boost|p1a: Skeledirge|spa|1
|
|-heal|p1a: Skeledirge|88/100|[from] item: Leftovers
|upkeep
|turn|16
|
|t:|1685900616
|move|p1a: Skeledirge|Will-O-Wisp|p2a: Clodsire
|-status|p2a: Clodsire|brn
|move|p2a: Clodsire|Earthquake|p1a: Skeledirge
|-supereffective|p1a: Skeledirge
|-damage|p1a: Skeledirge|64/100
|
|-heal|p1a: Skeledirge|70/100|[from] item: Leftovers
|-damage|p2a: Clodsire|78/100 brn|[from] brn
|upkeep
|turn|17
|
|t:|1685900624
|move|p1a: Skeledirge|Torch Song|p2a: Clodsire
|-damage|p2a: Clodsire|61/100 brn
|-boost|p1a: Skeledirge|spa|1
|move|p2a: Clodsire|Earthquake|p1a: Skeledirge
|-supereffective|p1a: Skeledirge
|-damage|p1a: Skeledirge|48/100
|
|-heal|p1a: Skeledirge|54/100|[from] item: Leftovers
|-damage|p2a: Clodsire|55/100 brn|[from] brn
|upkeep
|turn|18
|
|t:|1685900633
|move|p1a: Skeledirge|Slack Off|p1a: Skeledirge
|-heal|p1a: Skeledirge|100/100
|move|p2a: Clodsire|Earthquake|p1a: Skeledirge
|-supereffective|p1a: Skeledirge
|-damage|p1a: Skeledirge|77/100
|
|-heal|p1a: Skeledirge|83/100|[from] item: Leftovers
|-damage|p2a: Clodsire|49/100 brn|[from] brn
|upkeep
|turn|19
|
|t:|1685900645
|move|p1a: Skeledirge|Torch Song|p2a: Clodsire
|-damage|p2a: Clodsire|35/100 brn
|-boost|p1a: Skeledirge|spa|1
|move|p2a: Clodsire|Earthquake|p1a: Skeledirge
|-supereffective|p1a: Skeledirge
|-damage|p1a: Skeledirge|59/100
|
|-heal|p1a: Skeledirge|65/100|[from] item: Leftovers
|-damage|p2a: Clodsire|28/100 brn|[from] brn
|upkeep
|turn|20
|
|t:|1685900656
|move|p1a: Skeledirge|Torch Song|p2a: Clodsire
|-damage|p2a: Clodsire|11/100 brn
|-boost|p1a: Skeledirge|spa|1
|move|p2a: Clodsire|Earthquake|p1a: Skeledirge
|-supereffective|p1a: Skeledirge
|-damage|p1a: Skeledirge|44/100
|
|-heal|p1a: Skeledirge|50/100|[from] item: Leftovers
|-damage|p2a: Clodsire|5/100 brn|[from] brn
|upkeep
|turn|21
|
|t:|1685900665
|move|p1a: Skeledirge|Torch Song|p2a: Clodsire
|-damage|p2a: Clodsire|0 fnt
|-boost|p1a: Skeledirge|spa|1
|faint|p2a: Clodsire
|
|-heal|p1a: Skeledirge|56/100|[from] item: Leftovers
|upkeep
|
|t:|1685900675
|switch|p2a: Venomoth|Venomoth, F|100/100
|turn|22
|
|t:|1685900681
|move|p2a: Venomoth|Quiver Dance|p2a: Venomoth
|-boost|p2a: Venomoth|spa|1
|-boost|p2a: Venomoth|spd|1
|-boost|p2a: Venomoth|spe|1
|move|p1a: Skeledirge|Slack Off|p1a: Skeledirge
|-heal|p1a: Skeledirge|100/100
|
|upkeep
|turn|23
|
|t:|1685900691
|move|p2a: Venomoth|Quiver Dance|p2a: Venomoth
|-boost|p2a: Venomoth|spa|1
|-boost|p2a: Venomoth|spd|1
|-boost|p2a: Venomoth|spe|1
|move|p1a: Skeledirge|Torch Song|p2a: Venomoth
|-supereffective|p2a: Venomoth
|-enditem|p2a: Venomoth|Focus Sash
|-damage|p2a: Venomoth|1/100
|-boost|p1a: Skeledirge|spa|1
|
|upkeep
|turn|24
|
|t:|1685900701
|move|p2a: Venomoth|Sludge Bomb|p1a: Skeledirge
|-resisted|p1a: Skeledirge
|-damage|p1a: Skeledirge|88/100
|move|p1a: Skeledirge|Torch Song|p2a: Venomoth
|-supereffective|p2a: Venomoth
|-damage|p2a: Venomoth|0 fnt
|faint|p2a: Venomoth
|
|-heal|p1a: Skeledirge|94/100|[from] item: Leftovers
|upkeep
|-message|DawnTyrantEo forfeited.
|
|win|YoungEsq
|raw|YoungEsq's rating: 1050 → 1084(+34 for winning)
|raw|DawnTyrantEo's rating: 1063 → 1043(-20 for losing)
|l|☆DawnTyrantEo
