|j|☆kakyoinjjba69
|j|☆Hoopla39
|t:|1685880366
|gametype|singles
|player|p1|kakyoinjjba69|gambler|1345
|player|p2|Hoopla39|pokekid|1300
|teamsize|p1|6
|teamsize|p2|6
|gen|9
|tier|[Gen 9] OU
|rated|
|rule|Sleep Clause Mod: Limit one foe put to sleep
|rule|Species Clause: Limit one of each Pokémon
|rule|OHKO Clause: OHKO moves are banned
|rule|Evasion Items Clause: Evasion items are banned
|rule|Evasion Moves Clause: Evasion moves are banned
|rule|Endless Battle Clause: Forcing endless battles is banned
|rule|HP Percentage Mod: HP is shown in percentages
|clearpoke
|poke|p1|Pelipper, F|
|poke|p1|Basculegion, M|
|poke|p1|Azumarill, M|
|poke|p1|Bellibolt, M|
|poke|p1|Iron Treads|
|poke|p1|Greninja, F|
|poke|p2|Uxie|
|poke|p2|Iron Treads|
|poke|p2|Walking Wake|
|poke|p2|Chien-Pao|
|poke|p2|Iron Moth|
|poke|p2|Florges, F|
|teampreview
|j| collierm
|l| collierm
|
|t:|1685880386
|start
|switch|p1a: Pelipper|Pelipper, F|100/100
|switch|p2a: Iron Moth|Iron Moth|100/100
|-weather|RainDance|[from] ability: Drizzle|[of] p1a: Pelipper
|-enditem|p2a: Iron Moth|Booster Energy
|-activate|p2a: Iron Moth|ability: Quark Drive|[fromitem]
|-start|p2a: Iron Moth|quarkdrivespa
|turn|1
|
|t:|1685880391
|switch|p1a: Bellibolt|Bellibolt, M|100/100
|move|p2a: Iron Moth|Discharge|p1a: Bellibolt
|-resisted|p1a: Bellibolt
|-damage|p1a: Bellibolt|92/100
|-start|p1a: Bellibolt|Charge|Discharge|[from] ability: Electromorphosis
|
|-weather|RainDance|[upkeep]
|upkeep
|turn|2
|
|t:|1685880403
|-end|p2a: Iron Moth|Quark Drive|[silent]
|switch|p2a: Florges|Florges, F|100/100
|move|p1a: Bellibolt|Weather Ball|p2a: Florges
|-crit|p2a: Florges
|-damage|p2a: Florges|73/100
|
|-weather|RainDance|[upkeep]
|upkeep
|turn|3
|
|t:|1685880410
|move|p2a: Florges|Trick|p1a: Bellibolt
|-activate|p2a: Florges|move: Trick|[of] p1a: Bellibolt
|-item|p1a: Bellibolt|Choice Scarf|[from] move: Trick
|-item|p2a: Florges|Assault Vest|[from] move: Trick
|move|p1a: Bellibolt|Thunder|p2a: Florges
|-crit|p2a: Florges
|-damage|p2a: Florges|35/100
|-end|p1a: Bellibolt|Charge|[silent]
|
|-weather|RainDance|[upkeep]
|upkeep
|turn|4
|
|t:|1685880428
|switch|p1a: Basculegion|Basculegion, M, shiny|100/100
|move|p2a: Florges|Moonblast|p1a: Basculegion
|-damage|p1a: Basculegion|62/100
|
|-weather|RainDance|[upkeep]
|upkeep
|turn|5
|
|t:|1685880436
|switch|p2a: Uxie|Uxie|100/100
|move|p1a: Basculegion|Wave Crash|p2a: Uxie
|-damage|p2a: Uxie|13/100
|-damage|p1a: Basculegion|35/100|[from] Recoil
|
|-weather|RainDance|[upkeep]
|upkeep
|turn|6
|
|t:|1685880455
|switch|p2a: Florges|Florges, F|35/100
|move|p1a: Basculegion|Wave Crash|p2a: Florges
|-damage|p2a: Florges|0 fnt
|faint|p2a: Florges
|-damage|p1a: Basculegion|24/100|[from] Recoil
|
|-weather|RainDance|[upkeep]
|upkeep
|
|t:|1685880461
|switch|p2a: Walking Wake|Walking Wake|100/100
|turn|7
|
|t:|1685880483
|switch|p1a: Greninja|Greninja, F|100/100
|move|p2a: Walking Wake|Hydro Pump|p1a: Greninja
|-resisted|p1a: Greninja
|-damage|p1a: Greninja|6/100
|
|-weather|RainDance|[upkeep]
|upkeep
|turn|8
|
|t:|1685880498
|move|p1a: Greninja|Grass Knot|p2a: Walking Wake
|-start|p1a: Greninja|typechange|Grass|[from] ability: Protean
|-damage|p2a: Walking Wake|0 fnt
|faint|p2a: Walking Wake
|-end|p2a: Walking Wake|Protosynthesis|[silent]
|
|-weather|none
|upkeep
|
|t:|1685880533
|switch|p2a: Iron Moth|Iron Moth|100/100
|turn|9
|
|t:|1685880545
|switch|p1a: Bellibolt|Bellibolt, M|92/100
|move|p2a: Iron Moth|Sludge Wave|p1a: Bellibolt
|-damage|p1a: Bellibolt|58/100
|-start|p1a: Bellibolt|Charge|Sludge Wave|[from] ability: Electromorphosis
|
|upkeep
|turn|10
|
|t:|1685880553
|move|p2a: Iron Moth|Fiery Dance|p1a: Bellibolt
|-damage|p1a: Bellibolt|30/100
|-start|p1a: Bellibolt|Charge|Fiery Dance|[from] ability: Electromorphosis
|move|p1a: Bellibolt|Volt Switch|p2a: Iron Moth
|-damage|p2a: Iron Moth|50/100
|-end|p1a: Bellibolt|Charge|[silent]
|
|t:|1685880570
|switch|p1a: Azumarill|Azumarill, M|100/100|[from] Volt Switch
|
|upkeep
|turn|11
|
|t:|1685880575
|move|p1a: Azumarill|Aqua Jet|p2a: Iron Moth
|-supereffective|p2a: Iron Moth
|-damage|p2a: Iron Moth|0 fnt
|faint|p2a: Iron Moth
|-end|p2a: Iron Moth|Quark Drive|[silent]
|
|upkeep
|
|t:|1685880586
|switch|p2a: Chien-Pao|Chien-Pao|100/100
|-ability|p2a: Chien-Pao|Sword of Ruin
|turn|12
|
|t:|1685880594
|move|p2a: Chien-Pao|Crunch|p1a: Azumarill
|-resisted|p1a: Azumarill
|-damage|p1a: Azumarill|58/100
|move|p1a: Azumarill|Belly Drum|p1a: Azumarill
|-damage|p1a: Azumarill|8/100
|-setboost|p1a: Azumarill|atk|6|[from] move: Belly Drum
|-enditem|p1a: Azumarill|Sitrus Berry|[eat]
|-heal|p1a: Azumarill|33/100|[from] item: Sitrus Berry
|
|upkeep
|turn|13
|
|t:|1685880601
|move|p1a: Azumarill|Aqua Jet|p2a: Chien-Pao
|-crit|p2a: Chien-Pao
|-damage|p2a: Chien-Pao|0 fnt
|faint|p2a: Chien-Pao
|
|upkeep
|
|t:|1685880604
|switch|p2a: Iron Treads|Iron Treads|100/100
|turn|14
|
|t:|1685880607
|move|p1a: Azumarill|Aqua Jet|p2a: Iron Treads
|-supereffective|p2a: Iron Treads
|-damage|p2a: Iron Treads|0 fnt
|faint|p2a: Iron Treads
|-end|p2a: Iron Treads|Quark Drive|[silent]
|
|upkeep
|
|t:|1685880609
|switch|p2a: Uxie|Uxie|13/100
|turn|15
|
|t:|1685880611
|move|p1a: Azumarill|Aqua Jet|p2a: Uxie
|-damage|p2a: Uxie|0 fnt
|faint|p2a: Uxie
|
|win|kakyoinjjba69
|raw|kakyoinjjba69's rating: 1345 → 1362(+17 for winning)
|raw|Hoopla39's rating: 1300 → 1278(-22 for losing)
