|j|☆Chito24
|j|☆EighteenStorms
|t:|1685899935
|gametype|singles
|player|p1|Chito24|palmer|1061
|player|p2|EighteenStorms|265|1070
|teamsize|p1|6
|teamsize|p2|6
|gen|9
|tier|[Gen 9] OU
|rated|
|rule|Sleep Clause Mod: Limit one foe put to sleep
|rule|Species Clause: Limit one of each Pokémon
|rule|OHKO Clause: OHKO moves are banned
|rule|Evasion Items Clause: Evasion items are banned
|rule|Evasion Moves Clause: Evasion moves are banned
|rule|Endless Battle Clause: Forcing endless battles is banned
|rule|HP Percentage Mod: HP is shown in percentages
|clearpoke
|poke|p1|Sneasler, M|
|poke|p1|Tauros, M|
|poke|p1|Kleavor, F|
|poke|p1|Typhlosion-Hisui, M|
|poke|p1|Rillaboom, F|
|poke|p1|Azumarill, M|
|poke|p2|Slither Wing|
|poke|p2|Garganacl, F|
|poke|p2|Cyclizar, F|
|poke|p2|Kingambit, M|
|poke|p2|Toxapex, M|
|poke|p2|Skeledirge, F|
|teampreview
|
|t:|1685899945
|start
|switch|p1a: Azumarill|Azumarill, M|100/100
|switch|p2a: Slither Wing|Slither Wing|100/100
|turn|1
|inactive|Battle timer is ON: inactive players will automatically lose when time's up. (requested by EighteenStorms)
|
|t:|1685899953
|move|p2a: Slither Wing|Will-O-Wisp|p1a: Azumarill|[miss]
|-miss|p2a: Slither Wing|p1a: Azumarill
|move|p1a: Azumarill|Play Rough|p2a: Slither Wing
|-supereffective|p2a: Slither Wing
|-damage|p2a: Slither Wing|13/100
|-unboost|p2a: Slither Wing|atk|1
|
|upkeep
|turn|2
|-message|EighteenStorms forfeited.
|
|win|Chito24
|raw|Chito24's rating: 1061 → 1093(+32 for winning)
|raw|EighteenStorms's rating: 1070 → 1049(-21 for losing)
|l|☆EighteenStorms
|c|☆Chito24|gg
