|j|☆calamari sunday
|j|☆Cr3wcmber
|t:|1685821108
|gametype|singles
|player|p1|calamari sunday|blaine|1173
|player|p2|Cr3wcmber|ruinmaniac|1130
|teamsize|p1|6
|teamsize|p2|6
|gen|9
|tier|[Gen 9] OU
|rated|
|rule|Sleep Clause Mod: Limit one foe put to sleep
|rule|Species Clause: Limit one of each Pokémon
|rule|OHKO Clause: OHKO moves are banned
|rule|Evasion Items Clause: Evasion items are banned
|rule|Evasion Moves Clause: Evasion moves are banned
|rule|Endless Battle Clause: Forcing endless battles is banned
|rule|HP Percentage Mod: HP is shown in percentages
|clearpoke
|poke|p1|Great Tusk|
|poke|p1|Slowking, F|
|poke|p1|Enamorus, F|
|poke|p1|Cinderace, M|
|poke|p1|Hoopa-Unbound|
|poke|p1|Urshifu-*, F|
|poke|p2|Abomasnow, F|
|poke|p2|Cetitan, M|
|poke|p2|Mudsdale, M|
|poke|p2|Hariyama, M|
|poke|p2|Brute Bonnet|
|poke|p2|Garganacl, F|
|teampreview
|inactive|Battle timer is ON: inactive players will automatically lose when time's up. (requested by Cr3wcmber)
|
|t:|1685821112
|start
|switch|p1a: Hoopa|Hoopa-Unbound|100/100
|switch|p2a: Powder|Abomasnow, F, shiny|100/100
|-weather|Snow|[from] ability: Snow Warning|[of] p2a: Powder
|turn|1
|j| Wonderfire-X
|l| Wonderfire-X
|inactive|calamari sunday has 120 seconds left.
|
|t:|1685821155
|-terastallize|p1a: Hoopa|Dark
|move|p1a: Hoopa|Dark Pulse|p2a: Powder
|-damage|p2a: Powder|0 fnt
|faint|p2a: Powder
|
|-weather|Snow|[upkeep]
|upkeep
|
|t:|1685821163
|switch|p2a: Brute Bonnet|Brute Bonnet, shiny|100/100
|turn|2
|inactive|calamari sunday has 120 seconds left.
|
|t:|1685821168
|move|p1a: Hoopa|Dark Pulse|p2a: Brute Bonnet
|-resisted|p2a: Brute Bonnet
|-damage|p2a: Brute Bonnet|44/100
|move|p2a: Brute Bonnet|Spore|p1a: Hoopa
|-status|p1a: Hoopa|slp|[from] move: Spore
|
|-weather|Snow|[upkeep]
|upkeep
|turn|3
|inactive|calamari sunday has 120 seconds left.
|
|t:|1685821180
|cant|p1a: Hoopa|slp
|move|p2a: Brute Bonnet|Bullet Seed|p1a: Hoopa
|-damage|p1a: Hoopa|74/100 slp
|-crit|p1a: Hoopa
|-damage|p1a: Hoopa|35/100 slp
|-damage|p1a: Hoopa|9/100 slp
|-damage|p1a: Hoopa|0 fnt
|faint|p1a: Hoopa
|-hitcount|p1: Hoopa|4
|
|-weather|Snow|[upkeep]
|upkeep
|inactive|calamari sunday has 120 seconds left.
|
|t:|1685821191
|switch|p1a: Urshifu|Urshifu-Rapid-Strike, F|100/100
|turn|4
|
|t:|1685821197
|-end|p2a: Brute Bonnet|Protosynthesis|[silent]
|switch|p2a: Red|Hariyama, M, shiny|100/100
|move|p1a: Urshifu|Close Combat|p2a: Red
|-damage|p2a: Red|28/100
|-unboost|p1a: Urshifu|def|1
|-unboost|p1a: Urshifu|spd|1
|
|-weather|Snow|[upkeep]
|upkeep
|turn|5
|
|t:|1685821209
|switch|p1a: Slowking|Slowking, F|100/100
|move|p2a: Red|Close Combat|p1a: Slowking
|-resisted|p1a: Slowking
|-damage|p1a: Slowking|68/100
|-unboost|p2a: Red|def|1
|-unboost|p2a: Red|spd|1
|
|-weather|Snow|[upkeep]
|upkeep
|turn|6
|
|t:|1685821216
|move|p2a: Red|Knock Off|p1a: Slowking
|-supereffective|p1a: Slowking
|-damage|p1a: Slowking|0 fnt
|-enditem|p1a: Slowking|Heavy-Duty Boots|[from] move: Knock Off|[of] p2a: Red
|faint|p1a: Slowking
|
|-weather|Snow|[upkeep]
|upkeep
|
|t:|1685821222
|switch|p1a: Enamorus|Enamorus, F|100/100
|turn|7
|
|t:|1685821231
|-terastallize|p2a: Red|Steel
|move|p2a: Red|Bullet Punch|p1a: Enamorus
|-supereffective|p1a: Enamorus
|-damage|p1a: Enamorus|26/100
|move|p1a: Enamorus|Moonblast|p2a: Red
|-resisted|p2a: Red
|-damage|p2a: Red|7/100
|
|-weather|Snow|[upkeep]
|upkeep
|turn|8
|
|t:|1685821246
|switch|p1a: Cinderace|Cinderace, M|100/100
|move|p2a: Red|Bullet Punch|p1a: Cinderace
|-resisted|p1a: Cinderace
|-damage|p1a: Cinderace|85/100
|
|-weather|none
|upkeep
|turn|9
|
|t:|1685821251
|move|p1a: Cinderace|U-turn|p2a: Red
|-start|p1a: Cinderace|typechange|Bug|[from] ability: Libero
|-resisted|p2a: Red
|-damage|p2a: Red|0 fnt
|faint|p2a: Red
|
|t:|1685821259
|switch|p1a: Urshifu|Urshifu-Rapid-Strike, F|100/100|[from] U-turn
|
|upkeep
|
|t:|1685821265
|switch|p2a: Brute Bonnet|Brute Bonnet, shiny|44/100
|turn|10
|
|t:|1685821268
|move|p1a: Urshifu|Close Combat|p2a: Brute Bonnet
|-supereffective|p2a: Brute Bonnet
|-damage|p2a: Brute Bonnet|0 fnt
|-unboost|p1a: Urshifu|def|1
|-unboost|p1a: Urshifu|spd|1
|faint|p2a: Brute Bonnet
|-end|p2a: Brute Bonnet|Protosynthesis|[silent]
|
|upkeep
|
|t:|1685821274
|switch|p2a: Garganacl|Garganacl, F, shiny|100/100
|turn|11
|
|t:|1685821279
|switch|p1a: Great Tusk|Great Tusk|100/100
|move|p2a: Garganacl|Curse|p2a: Garganacl
|-unboost|p2a: Garganacl|spe|1
|-boost|p2a: Garganacl|atk|1
|-boost|p2a: Garganacl|def|1
|
|upkeep
|turn|12
|
|t:|1685821282
|move|p1a: Great Tusk|Knock Off|p2a: Garganacl
|-damage|p2a: Garganacl|90/100
|-enditem|p2a: Garganacl|Leftovers|[from] move: Knock Off|[of] p1a: Great Tusk
|move|p2a: Garganacl|Curse|p2a: Garganacl
|-unboost|p2a: Garganacl|spe|1
|-boost|p2a: Garganacl|atk|1
|-boost|p2a: Garganacl|def|1
|
|upkeep
|turn|13
|
|t:|1685821287
|move|p1a: Great Tusk|Earthquake|p2a: Garganacl
|-supereffective|p2a: Garganacl
|-damage|p2a: Garganacl|63/100
|move|p2a: Garganacl|Curse|p2a: Garganacl
|-unboost|p2a: Garganacl|spe|1
|-boost|p2a: Garganacl|atk|1
|-boost|p2a: Garganacl|def|1
|
|upkeep
|turn|14
|
|t:|1685821291
|-end|p1a: Great Tusk|Protosynthesis|[silent]
|switch|p1a: Enamorus|Enamorus, F|26/100
|move|p2a: Garganacl|Curse|p2a: Garganacl
|-unboost|p2a: Garganacl|spe|1
|-boost|p2a: Garganacl|atk|1
|-boost|p2a: Garganacl|def|1
|
|upkeep
|turn|15
|
|t:|1685821294
|move|p1a: Enamorus|Earth Power|p2a: Garganacl
|-supereffective|p2a: Garganacl
|-damage|p2a: Garganacl|0 fnt
|faint|p2a: Garganacl
|
|upkeep
|
|t:|1685821297
|switch|p2a: Mudsdale|Mudsdale, M, shiny|100/100
|turn|16
|
|t:|1685821300
|move|p1a: Enamorus|Moonblast|p2a: Mudsdale
|-damage|p2a: Mudsdale|55/100
|-ability|p2a: Mudsdale|Stamina|boost
|-boost|p2a: Mudsdale|def|1
|move|p2a: Mudsdale|Rock Slide|p1a: Enamorus
|-supereffective|p1a: Enamorus
|-damage|p1a: Enamorus|0 fnt
|faint|p1a: Enamorus
|
|upkeep
|
|t:|1685821306
|switch|p1a: Urshifu|Urshifu-Rapid-Strike, F|100/100
|turn|17
|
|t:|1685821311
|move|p1a: Urshifu|Surging Strikes|p2a: Mudsdale
|-supereffective|p2a: Mudsdale
|-crit|p2a: Mudsdale
|-damage|p2a: Mudsdale|20/100
|-ability|p2a: Mudsdale|Stamina|boost
|-boost|p2a: Mudsdale|def|1
|-supereffective|p2a: Mudsdale
|-crit|p2a: Mudsdale
|-damage|p2a: Mudsdale|0 fnt
|faint|p2a: Mudsdale
|-hitcount|p2: Mudsdale|2
|
|upkeep
|
|t:|1685821313
|switch|p2a: Moby|Cetitan, M, shiny|100/100
|turn|18
|
|t:|1685821318
|move|p1a: Urshifu|Close Combat|p2a: Moby
|-supereffective|p2a: Moby
|-damage|p2a: Moby|0 fnt
|-unboost|p1a: Urshifu|def|1
|-unboost|p1a: Urshifu|spd|1
|faint|p2a: Moby
|
|win|calamari sunday
|raw|calamari sunday's rating: 1173 → 1195(+22 for winning)
|raw|Cr3wcmber's rating: 1130 → 1108(-22 for losing)
|l|☆Cr3wcmber
