|j|☆Inder-House
|j|☆not beads of ruin
|t:|1685863767
|gametype|singles
|player|p1|Inder-House|169|1294
|player|p2|not beads of ruin|169|1382
|teamsize|p1|6
|teamsize|p2|6
|gen|9
|tier|[Gen 9] OU
|rated|
|rule|Sleep Clause Mod: Limit one foe put to sleep
|rule|Species Clause: Limit one of each Pokémon
|rule|OHKO Clause: OHKO moves are banned
|rule|Evasion Items Clause: Evasion items are banned
|rule|Evasion Moves Clause: Evasion moves are banned
|rule|Endless Battle Clause: Forcing endless battles is banned
|rule|HP Percentage Mod: HP is shown in percentages
|clearpoke
|poke|p1|Magearna|
|poke|p1|Diancie|
|poke|p1|Azumarill, F|
|poke|p1|Iron Valiant|
|poke|p1|Enamorus, F|
|poke|p1|Zamazenta-*|
|poke|p2|Samurott-Hisui, F|
|poke|p2|Gholdengo|
|poke|p2|Dragonite, M|
|poke|p2|Great Tusk|
|poke|p2|Chien-Pao|
|poke|p2|Heatran, M|
|teampreview
|inactive|Battle timer is ON: inactive players will automatically lose when time's up. (requested by not beads of ruin)
|
|t:|1685863779
|start
|switch|p1a: Iron Valiant|Iron Valiant, shiny|100/100
|switch|p2a: Gholdengo|Gholdengo|100/100
|-item|p2a: Gholdengo|Air Balloon
|turn|1
|
|t:|1685863786
|-terastallize|p1a: Iron Valiant|Electric
|move|p1a: Iron Valiant|Thunderbolt|p2a: Gholdengo
|-damage|p2a: Gholdengo|48/100
|-enditem|p2a: Gholdengo|Air Balloon
|-damage|p1a: Iron Valiant|91/100|[from] item: Life Orb
|move|p2a: Gholdengo|Make It Rain|p1a: Iron Valiant
|-resisted|p1a: Iron Valiant
|-damage|p1a: Iron Valiant|29/100
|-unboost|p2a: Gholdengo|spa|1
|
|upkeep
|turn|2
|
|t:|1685863803
|switch|p2a: Dragonite|Dragonite, M|100/100
|move|p1a: Iron Valiant|Thunderbolt|p2a: Dragonite
|-damage|p2a: Dragonite|71/100
|-damage|p1a: Iron Valiant|19/100|[from] item: Life Orb
|
|upkeep
|turn|3
|
|t:|1685863809
|-end|p1a: Iron Valiant|Quark Drive|[silent]
|switch|p1a: Azumarill|Azumarill, F|100/100
|move|p2a: Dragonite|Extreme Speed|p1a: Azumarill
|-damage|p1a: Azumarill|65/100
|
|upkeep
|turn|4
|
|t:|1685863837
|switch|p2a: Samurott|Samurott-Hisui, F|100/100
|move|p1a: Azumarill|Ice Spinner|p2a: Samurott
|-resisted|p2a: Samurott
|-damage|p2a: Samurott|78/100
|
|upkeep
|turn|5
|
|t:|1685863856
|move|p2a: Samurott|Ceaseless Edge|p1a: Azumarill
|-resisted|p1a: Azumarill
|-damage|p1a: Azumarill|37/100
|-sidestart|p1: Inder-House|Spikes
|move|p1a: Azumarill|Play Rough|p2a: Samurott
|-supereffective|p2a: Samurott
|-damage|p2a: Samurott|0 fnt
|faint|p2a: Samurott
|
|upkeep
|inactive|not beads of ruin has 120 seconds left.
|inactive|not beads of ruin has 90 seconds left.
|
|t:|1685863911
|switch|p2a: Great Tusk|Great Tusk|100/100
|turn|6
|
|t:|1685863920
|move|p1a: Azumarill|Aqua Jet|p2a: Great Tusk
|-supereffective|p2a: Great Tusk
|-crit|p2a: Great Tusk
|-damage|p2a: Great Tusk|45/100
|-damage|p1a: Azumarill|20/100|[from] item: Rocky Helmet|[of] p2a: Great Tusk
|move|p2a: Great Tusk|Earthquake|p1a: Azumarill
|-damage|p1a: Azumarill|0 fnt
|faint|p1a: Azumarill
|
|upkeep
|
|t:|1685863939
|switch|p1a: Enamorus|Enamorus, F|100/100
|turn|7
|
|t:|1685863951
|-end|p2a: Great Tusk|Protosynthesis|[silent]
|switch|p2a: Gholdengo|Gholdengo|48/100
|move|p1a: Enamorus|Superpower|p2a: Gholdengo
|-immune|p2a: Gholdengo
|
|upkeep
|turn|8
|
|t:|1685863971
|switch|p1a: Zamazenta|Zamazenta|100/100
|-damage|p1a: Zamazenta|88/100|[from] Spikes
|-ability|p1a: Zamazenta|Dauntless Shield|boost
|-boost|p1a: Zamazenta|def|1
|move|p2a: Gholdengo|Shadow Ball|p1a: Zamazenta
|-damage|p1a: Zamazenta|57/100
|
|upkeep
|turn|9
|
|t:|1685863993
|move|p1a: Zamazenta|Light Screen|p1a: Zamazenta
|-sidestart|p1: Inder-House|move: Light Screen
|move|p2a: Gholdengo|Shadow Ball|p1a: Zamazenta
|-damage|p1a: Zamazenta|41/100
|
|upkeep
|turn|10
|
|t:|1685864003
|move|p1a: Zamazenta|Reflect|p1a: Zamazenta
|-sidestart|p1: Inder-House|Reflect
|move|p2a: Gholdengo|Make It Rain|p1a: Zamazenta
|-damage|p1a: Zamazenta|17/100
|-unboost|p2a: Gholdengo|spa|1
|
|upkeep
|turn|11
|
|t:|1685864029
|switch|p1a: Magearna|Magearna|100/100
|-damage|p1a: Magearna|88/100|[from] Spikes
|move|p2a: Gholdengo|Nasty Plot|p2a: Gholdengo
|-boost|p2a: Gholdengo|spa|2
|
|-heal|p1a: Magearna|94/100|[from] item: Leftovers
|upkeep
|turn|12
|
|t:|1685864036
|move|p2a: Gholdengo|Make It Rain|p1a: Magearna
|-damage|p1a: Magearna|55/100
|-unboost|p2a: Gholdengo|spa|1
|move|p1a: Magearna|Shift Gear|p1a: Magearna
|-boost|p1a: Magearna|spe|2
|-boost|p1a: Magearna|atk|1
|
|-heal|p1a: Magearna|61/100|[from] item: Leftovers
|upkeep
|turn|13
|
|t:|1685864043
|switch|p2a: Heatran|Heatran, M|100/100
|move|p1a: Magearna|Calm Mind|p1a: Magearna
|-boost|p1a: Magearna|spa|1
|-boost|p1a: Magearna|spd|1
|
|-heal|p1a: Magearna|68/100|[from] item: Leftovers
|upkeep
|turn|14
|inactive|not beads of ruin has 120 seconds left.
|
|t:|1685864052
|-terastallize|p2a: Heatran|Grass
|move|p1a: Magearna|Calm Mind|p1a: Magearna
|-boost|p1a: Magearna|spa|1
|-boost|p1a: Magearna|spd|1
|move|p2a: Heatran|Magma Storm|p1a: Magearna
|-supereffective|p1a: Magearna
|-damage|p1a: Magearna|49/100
|-activate|p1a: Magearna|move: Magma Storm|[of] p2a: Heatran
|
|-heal|p1a: Magearna|55/100|[from] item: Leftovers
|-damage|p1a: Magearna|43/100|[from] move: Magma Storm|[partiallytrapped]
|upkeep
|turn|15
|c|☆Inder-House|perfect
|inactive|not beads of ruin has 120 seconds left.
|
|t:|1685864063
|move|p1a: Magearna|Draining Kiss|p2a: Heatran
|-damage|p2a: Heatran|73/100
|-heal|p1a: Magearna|65/100|[from] drain|[of] p2a: Heatran
|move|p2a: Heatran|Earth Power|p1a: Magearna
|-supereffective|p1a: Magearna
|-damage|p1a: Magearna|53/100
|
|-heal|p1a: Magearna|59/100|[from] item: Leftovers
|-heal|p2a: Heatran|80/100|[from] item: Leftovers
|-damage|p1a: Magearna|47/100|[from] move: Magma Storm|[partiallytrapped]
|upkeep
|turn|16
|inactive|not beads of ruin has 120 seconds left.
|
|t:|1685864080
|move|p1a: Magearna|Stored Power|p2a: Heatran
|-damage|p2a: Heatran|24/100
|move|p2a: Heatran|Taunt|p1a: Magearna
|-start|p1a: Magearna|move: Taunt
|
|-heal|p1a: Magearna|53/100|[from] item: Leftovers
|-heal|p2a: Heatran|30/100|[from] item: Leftovers
|-damage|p1a: Magearna|40/100|[from] move: Magma Storm|[partiallytrapped]
|-sideend|p1: Inder-House|move: Light Screen
|upkeep
|turn|17
|inactive|not beads of ruin has 120 seconds left.
|
|t:|1685864090
|switch|p2a: Chien-Pao|Chien-Pao|100/100
|-ability|p2a: Chien-Pao|Sword of Ruin
|move|p1a: Magearna|Stored Power|p2a: Chien-Pao
|-immune|p2a: Chien-Pao
|
|-heal|p1a: Magearna|46/100|[from] item: Leftovers
|-end|p1a: Magearna|Magma Storm|[partiallytrapped]|[silent]
|-sideend|p1: Inder-House|Reflect
|upkeep
|turn|18
|
|t:|1685864097
|move|p1a: Magearna|Draining Kiss|p2a: Chien-Pao
|-supereffective|p2a: Chien-Pao
|-damage|p2a: Chien-Pao|0 fnt
|-heal|p1a: Magearna|100/100|[from] drain|[of] p2a: Chien-Pao
|faint|p2a: Chien-Pao
|-ability|p1a: Magearna|Soul-Heart|boost
|-boost|p1a: Magearna|spa|1
|
|upkeep
|-message|not beads of ruin forfeited.
|
|win|Inder-House
|raw|Inder-House's rating: 1294 → 1325(+31 for winning)
|raw|not beads of ruin's rating: 1382 → 1357(-25 for losing)
|l|☆not beads of ruin
|c|☆Inder-House|I think that's gg!
