|j|☆Usushshsj
|j|☆Rap's my Fave Meme
|t:|1685898558
|gametype|singles
|player|p1|Usushshsj|n|1000
|player|p2|Rap's my Fave Meme|mrfuji-gen3|1068
|teamsize|p1|6
|teamsize|p2|6
|gen|9
|tier|[Gen 9] OU
|rated|
|rule|Sleep Clause Mod: Limit one foe put to sleep
|rule|Species Clause: Limit one of each Pokémon
|rule|OHKO Clause: OHKO moves are banned
|rule|Evasion Items Clause: Evasion items are banned
|rule|Evasion Moves Clause: Evasion moves are banned
|rule|Endless Battle Clause: Forcing endless battles is banned
|rule|HP Percentage Mod: HP is shown in percentages
|clearpoke
|poke|p1|Magearna|
|poke|p1|Hoopa-Unbound|
|poke|p1|Corviknight, F|
|poke|p1|Clodsire, M|
|poke|p1|Chien-Pao|
|poke|p1|Slowking, F|
|poke|p2|Sneasler, F|
|poke|p2|Klefki, M|
|poke|p2|Decidueye-Hisui, F|
|poke|p2|Blissey, F|
|poke|p2|Avalugg-Hisui, F|
|poke|p2|Pincurchin, F|
|teampreview
|j| less might be more
|
|t:|1685898577
|start
|switch|p1a: Slowking|Slowking, F|100/100
|switch|p2a: jumping cushion|Pincurchin, F|100/100
|-fieldstart|move: Electric Terrain|[from] ability: Electric Surge|[of] p2a: jumping cushion
|turn|1
|c|☆Rap's my Fave Meme|wtf magearna is banned, reported
|
|t:|1685898592
|move|p1a: Slowking|Future Sight|p2a: jumping cushion
|-start|p1a: Slowking|move: Future Sight
|move|p2a: jumping cushion|Zing Zap|p1a: Slowking
|-supereffective|p1a: Slowking
|-damage|p1a: Slowking|9/100
|
|upkeep
|turn|2
|
|t:|1685898601
|switch|p1a: Clodsire|Clodsire, M|100/100
|move|p2a: jumping cushion|Liquidation|p1a: Clodsire
|-supereffective|p1a: Clodsire
|-damage|p1a: Clodsire|44/100
|-unboost|p1a: Clodsire|def|1
|
|-heal|p1a: Clodsire|50/100|[from] item: Black Sludge
|upkeep
|turn|3
|
|t:|1685898610
|switch|p1a: Corviknight|Corviknight, F, shiny|100/100
|-terastallize|p2a: jumping cushion|Dark
|move|p2a: jumping cushion|Liquidation|p1a: Corviknight
|-damage|p1a: Corviknight|85/100
|-damage|p2a: jumping cushion|84/100|[from] item: Rocky Helmet|[of] p1a: Corviknight
|
|-end|p2a: jumping cushion|move: Future Sight
|-immune|p2a: jumping cushion
|upkeep
|turn|4
|
|t:|1685898615
|switch|p1a: Clodsire|Clodsire, M|50/100
|move|p2a: jumping cushion|Zing Zap|p1a: Clodsire
|-immune|p1a: Clodsire
|
|-heal|p1a: Clodsire|57/100|[from] item: Black Sludge
|upkeep
|turn|5
|
|t:|1685898626
|move|p1a: Clodsire|Recover|p1a: Clodsire
|-heal|p1a: Clodsire|100/100
|move|p2a: jumping cushion|Liquidation|p1a: Clodsire
|-supereffective|p1a: Clodsire
|-damage|p1a: Clodsire|42/100
|
|-heal|p1a: Clodsire|48/100|[from] item: Black Sludge
|-fieldend|move: Electric Terrain
|upkeep
|turn|6
|
|t:|1685898635
|switch|p1a: Magearna|Magearna|100/100
|move|p2a: jumping cushion|Zing Zap|p1a: Magearna
|-damage|p1a: Magearna|73/100
|
|-heal|p1a: Magearna|79/100|[from] item: Leftovers
|upkeep
|turn|7
|
|t:|1685898642
|move|p1a: Magearna|Shift Gear|p1a: Magearna
|-boost|p1a: Magearna|spe|2
|-boost|p1a: Magearna|atk|1
|move|p2a: jumping cushion|Curse|p2a: jumping cushion
|-unboost|p2a: jumping cushion|spe|1
|-boost|p2a: jumping cushion|atk|1
|-boost|p2a: jumping cushion|def|1
|
|-heal|p1a: Magearna|85/100|[from] item: Leftovers
|upkeep
|turn|8
|
|t:|1685898648
|move|p1a: Magearna|Shift Gear|p1a: Magearna
|-boost|p1a: Magearna|spe|2
|-boost|p1a: Magearna|atk|1
|move|p2a: jumping cushion|Curse|p2a: jumping cushion
|-unboost|p2a: jumping cushion|spe|1
|-boost|p2a: jumping cushion|atk|1
|-boost|p2a: jumping cushion|def|1
|
|-heal|p1a: Magearna|91/100|[from] item: Leftovers
|upkeep
|turn|9
|
|t:|1685898651
|move|p1a: Magearna|Calm Mind|p1a: Magearna
|-boost|p1a: Magearna|spa|1
|-boost|p1a: Magearna|spd|1
|move|p2a: jumping cushion|Curse|p2a: jumping cushion
|-unboost|p2a: jumping cushion|spe|1
|-boost|p2a: jumping cushion|atk|1
|-boost|p2a: jumping cushion|def|1
|
|-heal|p1a: Magearna|97/100|[from] item: Leftovers
|upkeep
|turn|10
|
|t:|1685898654
|move|p1a: Magearna|Calm Mind|p1a: Magearna
|-boost|p1a: Magearna|spa|1
|-boost|p1a: Magearna|spd|1
|move|p2a: jumping cushion|Zing Zap|p1a: Magearna
|-damage|p1a: Magearna|35/100
|
|-heal|p1a: Magearna|41/100|[from] item: Leftovers
|upkeep
|turn|11
|
|t:|1685898658
|move|p1a: Magearna|Draining Kiss|p2a: jumping cushion
|-supereffective|p2a: jumping cushion
|-damage|p2a: jumping cushion|0 fnt
|-heal|p1a: Magearna|93/100|[from] drain|[of] p2a: jumping cushion
|faint|p2a: jumping cushion
|-ability|p1a: Magearna|Soul-Heart|boost
|-boost|p1a: Magearna|spa|1
|
|-heal|p1a: Magearna|99/100|[from] item: Leftovers
|upkeep
|
|t:|1685898678
|switch|p2a: BIissey|Blissey, F|100/100
|turn|12
|
|t:|1685898680
|move|p1a: Magearna|Calm Mind|p1a: Magearna
|-boost|p1a: Magearna|spa|1
|-boost|p1a: Magearna|spd|1
|move|p2a: BIissey|Trick|p1a: Magearna
|-activate|p2a: BIissey|move: Trick|[of] p1a: Magearna
|-item|p1a: Magearna|Choice Band|[from] move: Trick
|-item|p2a: BIissey|Leftovers|[from] move: Trick
|
|upkeep
|turn|13
|
|t:|1685898688
|move|p1a: Magearna|Stored Power|p2a: BIissey
|-damage|p2a: BIissey|14/100
|move|p2a: BIissey|Thunder Wave|p1a: Magearna
|-status|p1a: Magearna|par
|
|-heal|p2a: BIissey|20/100|[from] item: Leftovers
|upkeep
|turn|14
|
|t:|1685898700
|move|p1a: Magearna|Stored Power|p2a: BIissey
|-damage|p2a: BIissey|0 fnt
|faint|p2a: BIissey
|-ability|p1a: Magearna|Soul-Heart|boost
|-boost|p1a: Magearna|spa|1
|
|upkeep
|
|t:|1685898703
|switch|p2a: mangina|Klefki, M|100/100
|turn|15
|
|t:|1685898711
|move|p2a: mangina|Calm Mind|p2a: mangina
|-boost|p2a: mangina|spa|1
|-boost|p2a: mangina|spd|1
|move|p1a: Magearna|Stored Power|p2a: mangina
|-resisted|p2a: mangina
|-damage|p2a: mangina|0 fnt
|faint|p2a: mangina
|-ability|p1a: Magearna|Soul-Heart|boost
|-boost|p1a: Magearna|spa|1
|
|upkeep
|j| bigglygrande
|
|t:|1685898733
|switch|p2a: Avalugg|Avalugg-Hisui, F|100/100
|turn|16
|
|t:|1685898738
|move|p1a: Magearna|Stored Power|p2a: Avalugg
|-ability|p2a: Avalugg|Sturdy
|-damage|p2a: Avalugg|1/100
|move|p2a: Avalugg|Mirror Coat|p1a: Magearna
|-damage|p1a: Magearna|0 fnt
|faint|p1a: Magearna
|
|upkeep
|
|t:|1685898745
|switch|p1a: Hoopa|Hoopa-Unbound|100/100
|turn|17
|
|t:|1685898750
|move|p1a: Hoopa|Psychic|p2a: Avalugg
|-damage|p2a: Avalugg|0 fnt
|faint|p2a: Avalugg
|
|upkeep
|inactive|Battle timer is ON: inactive players will automatically lose when time's up. (requested by Usushshsj)
|
|t:|1685898761
|switch|p2a: Sneaslucha|Sneasler, F|100/100
|turn|18
|
|t:|1685898768
|move|p1a: Hoopa|Psychic|p2a: Sneaslucha
|-supereffective|p2a: Sneaslucha
|-damage|p2a: Sneaslucha|0 fnt
|faint|p2a: Sneaslucha
|
|upkeep
|
|t:|1685898770
|switch|p2a: tricken chicken|Decidueye-Hisui, F, shiny|100/100
|turn|19
|
|t:|1685898774
|move|p1a: Hoopa|Psychic|p2a: tricken chicken
|-supereffective|p2a: tricken chicken
|-damage|p2a: tricken chicken|15/100
|move|p2a: tricken chicken|Scary Face|p1a: Hoopa
|-unboost|p1a: Hoopa|spe|2
|
|-heal|p2a: tricken chicken|21/100|[from] item: Leftovers
|upkeep
|turn|20
|
|t:|1685898778
|move|p1a: Hoopa|Psychic|p2a: tricken chicken
|-supereffective|p2a: tricken chicken
|-damage|p2a: tricken chicken|0 fnt
|faint|p2a: tricken chicken
|
|win|Usushshsj
|raw|Usushshsj's rating: 1000 → 1051(+51 for winning)
|raw|Rap's my Fave Meme's rating: 1100 → 1068(-32 for losing)
