|j|☆IncandescentCandle
|j|☆Halo halo orange
|t:|1685926004
|gametype|singles
|player|p1|IncandescentCandle|iono|
|player|p2|Halo halo orange|169|
|teamsize|p1|6
|teamsize|p2|6
|gen|9
|tier|[Gen 9] OU
|rule|Sleep Clause Mod: Limit one foe put to sleep
|rule|Species Clause: Limit one of each Pokémon
|rule|OHKO Clause: OHKO moves are banned
|rule|Evasion Items Clause: Evasion items are banned
|rule|Evasion Moves Clause: Evasion moves are banned
|rule|Endless Battle Clause: Forcing endless battles is banned
|rule|HP Percentage Mod: HP is shown in percentages
|clearpoke
|poke|p1|Dragapult, M|
|poke|p1|Zamazenta-*|
|poke|p1|Volcarona, M|
|poke|p1|Moltres-Galar|
|poke|p1|Garchomp, M|
|poke|p1|Sneasler, F|
|poke|p2|Kleavor, F|
|poke|p2|Forretress, M|
|poke|p2|Volcarona, M|
|poke|p2|Scizor, M|
|poke|p2|Frosmoth, M|
|poke|p2|Rabsca, F|
|teampreview
|c|☆IncandescentCandle|glhf
|c|☆Halo halo orange|Gl!
|c|☆IncandescentCandle|zama hero being free is wild
|c|☆Halo halo orange|I haven’t touched this team in months so let’s see what happens
|
|t:|1685926042
|start
|switch|p1a: dragon pult!|Dragapult, M|100/100
|switch|p2a: Kleavor|Kleavor, F|100/100
|turn|1
|
|t:|1685926047
|move|p1a: dragon pult!|Reflect|p1a: dragon pult!
|-sidestart|p1: IncandescentCandle|Reflect
|move|p2a: Kleavor|Night Slash|p1a: dragon pult!
|-supereffective|p1a: dragon pult!
|-damage|p1a: dragon pult!|50/100
|
|upkeep
|turn|2
|
|t:|1685926055
|move|p1a: dragon pult!|Light Screen|p1a: dragon pult!
|-sidestart|p1: IncandescentCandle|move: Light Screen
|move|p2a: Kleavor|Night Slash|p1a: dragon pult!
|-supereffective|p1a: dragon pult!
|-damage|p1a: dragon pult!|7/100
|
|upkeep
|turn|3
|
|t:|1685926063
|move|p1a: dragon pult!|Curse|p2a: Kleavor
|-start|p2a: Kleavor|Curse|[of] p1a: dragon pult!
|-damage|p1a: dragon pult!|0 fnt
|faint|p1a: dragon pult!
|move|p2a: Kleavor|U-turn|p1: dragon pult!|[notarget]
|-fail|p2a: Kleavor
|
|-damage|p2a: Kleavor|76/100|[from] Curse
|upkeep
|
|t:|1685926070
|switch|p1a: The Shield|Zamazenta|100/100
|-ability|p1a: The Shield|Dauntless Shield|boost
|-boost|p1a: The Shield|def|1
|turn|4
|
|t:|1685926087
|switch|p2a: Volcarona|Volcarona, M|100/100
|move|p1a: The Shield|Substitute|p1a: The Shield
|-start|p1a: The Shield|Substitute
|-damage|p1a: The Shield|76/100
|
|-heal|p1a: The Shield|82/100|[from] item: Leftovers
|upkeep
|turn|5
|j| Astro Rifk
|
|t:|1685926095
|move|p1a: The Shield|Iron Defense|p1a: The Shield
|-boost|p1a: The Shield|def|2
|move|p2a: Volcarona|Quiver Dance|p2a: Volcarona
|-boost|p2a: Volcarona|spa|1
|-boost|p2a: Volcarona|spd|1
|-boost|p2a: Volcarona|spe|1
|
|-heal|p1a: The Shield|88/100|[from] item: Leftovers
|upkeep
|turn|6
|
|t:|1685926098
|move|p1a: The Shield|Iron Defense|p1a: The Shield
|-boost|p1a: The Shield|def|2
|move|p2a: Volcarona|Flamethrower|p1a: The Shield
|-end|p1a: The Shield|Substitute
|
|-heal|p1a: The Shield|94/100|[from] item: Leftovers
|upkeep
|turn|7
|
|t:|1685926101
|move|p1a: The Shield|Body Press|p2a: Volcarona
|-resisted|p2a: Volcarona
|-damage|p2a: Volcarona|38/100
|-status|p1a: The Shield|brn|[from] ability: Flame Body|[of] p2a: Volcarona
|move|p2a: Volcarona|Will-O-Wisp|p1a: The Shield
|-fail|p1a: The Shield|brn
|
|-heal|p1a: The Shield|99/100 brn|[from] item: Leftovers
|-damage|p1a: The Shield|94/100 brn|[from] brn
|upkeep
|turn|8
|c|☆IncandescentCandle|aw its wisp
|c| Astro Rifk|the shield :worried:
|
|t:|1685926120
|switch|p2a: Rabsca|Rabsca, F|100/100
|move|p1a: The Shield|Body Press|p2a: Rabsca
|-resisted|p2a: Rabsca
|-damage|p2a: Rabsca|82/100
|
|-heal|p1a: The Shield|99/100 brn|[from] item: Leftovers
|-damage|p1a: The Shield|94/100 brn|[from] brn
|-sideend|p1: IncandescentCandle|Reflect
|upkeep
|turn|9
|
|t:|1685926135
|move|p1a: The Shield|Substitute|p1a: The Shield
|-start|p1a: The Shield|Substitute
|-damage|p1a: The Shield|69/100 brn
|move|p2a: Rabsca|Earth Power|p1a: The Shield
|-activate|p1a: The Shield|move: Substitute|[damage]
|
|-heal|p1a: The Shield|75/100 brn|[from] item: Leftovers
|-damage|p1a: The Shield|69/100 brn|[from] brn
|-sideend|p1: IncandescentCandle|move: Light Screen
|upkeep
|turn|10
|c|☆IncandescentCandle|BAHAHAA
|c|☆IncandescentCandle|THAT DOESNT BREAK SUB
|c|☆IncandescentCandle|LMAOOO
|
|t:|1685926145
|move|p1a: The Shield|Crunch|p2a: Rabsca
|-supereffective|p2a: Rabsca
|-damage|p2a: Rabsca|59/100
|-unboost|p2a: Rabsca|def|1
|move|p2a: Rabsca|Earth Power|p1a: The Shield
|-end|p1a: The Shield|Substitute
|
|-heal|p1a: The Shield|75/100 brn|[from] item: Leftovers
|-damage|p1a: The Shield|69/100 brn|[from] brn
|upkeep
|turn|11
|
|t:|1685926162
|switch|p2a: Forretress|Forretress, M|100/100
|move|p1a: The Shield|Crunch|p2a: Forretress
|-damage|p2a: Forretress|95/100
|
|-heal|p1a: The Shield|75/100 brn|[from] item: Leftovers
|-heal|p2a: Forretress|100/100|[from] item: Leftovers
|-damage|p1a: The Shield|69/100 brn|[from] brn
|upkeep
|turn|12
|
|t:|1685926170
|move|p1a: The Shield|Substitute|p1a: The Shield
|-start|p1a: The Shield|Substitute
|-damage|p1a: The Shield|44/100 brn
|move|p2a: Forretress|Spikes|p1a: The Shield
|-sidestart|p1: IncandescentCandle|Spikes
|
|-heal|p1a: The Shield|50/100 brn|[from] item: Leftovers
|-damage|p1a: The Shield|44/100 brn|[from] brn
|upkeep
|turn|13
|
|t:|1685926175
|move|p1a: The Shield|Body Press|p2a: Forretress
|-damage|p2a: Forretress|62/100
|move|p2a: Forretress|Earthquake|p1a: The Shield
|-activate|p1a: The Shield|move: Substitute|[damage]
|
|-heal|p1a: The Shield|50/100 brn|[from] item: Leftovers
|-heal|p2a: Forretress|69/100|[from] item: Leftovers
|-damage|p1a: The Shield|44/100 brn|[from] brn
|upkeep
|turn|14
|
|t:|1685926187
|switch|p2a: Rabsca|Rabsca, F|59/100
|move|p1a: The Shield|Body Press|p2a: Rabsca
|-resisted|p2a: Rabsca
|-damage|p2a: Rabsca|39/100
|
|-heal|p1a: The Shield|50/100 brn|[from] item: Leftovers
|-damage|p1a: The Shield|44/100 brn|[from] brn
|upkeep
|turn|15
|
|t:|1685926197
|switch|p2a: Kleavor|Kleavor, F|76/100
|move|p1a: The Shield|Crunch|p2a: Kleavor
|-crit|p2a: Kleavor
|-damage|p2a: Kleavor|57/100
|-unboost|p2a: Kleavor|def|1
|
|-heal|p1a: The Shield|50/100 brn|[from] item: Leftovers
|-damage|p1a: The Shield|44/100 brn|[from] brn
|upkeep
|turn|16
|c|☆IncandescentCandle|srry bout defense drop
|
|t:|1685926208
|move|p1a: The Shield|Body Press|p2a: Kleavor
|-damage|p2a: Kleavor|0 fnt
|faint|p2a: Kleavor
|
|-heal|p1a: The Shield|50/100 brn|[from] item: Leftovers
|-damage|p1a: The Shield|44/100 brn|[from] brn
|upkeep
|
|t:|1685926220
|switch|p2a: Scizor|Scizor, M|100/100
|turn|17
|c|☆IncandescentCandle|and srry about this degeneracy
|
|t:|1685926228
|move|p1a: The Shield|Body Press|p2a: Scizor
|-damage|p2a: Scizor|39/100
|move|p2a: Scizor|Aerial Ace|p1a: The Shield
|-supereffective|p1a: The Shield
|-crit|p1a: The Shield
|-end|p1a: The Shield|Substitute
|
|-heal|p1a: The Shield|50/100 brn|[from] item: Leftovers
|-damage|p1a: The Shield|44/100 brn|[from] brn
|upkeep
|turn|18
|c|☆Halo halo orange|Oh it’s fine, my team is iffy I definitely need to actually work on it I just haven’t been paying attention to the bug mono mega
|c|☆Halo halo orange|meta*
|
|t:|1685926273
|switch|p2a: Rabsca|Rabsca, F|39/100
|move|p1a: The Shield|Substitute|p1a: The Shield
|-start|p1a: The Shield|Substitute
|-damage|p1a: The Shield|19/100 brn
|
|-heal|p1a: The Shield|25/100 brn|[from] item: Leftovers
|-damage|p1a: The Shield|19/100 brn|[from] brn
|upkeep
|turn|19
|c|☆IncandescentCandle|its still scary as fuck tbf its just zama is a broken mess
|
|t:|1685926282
|move|p1a: The Shield|Crunch|p2a: Rabsca
|-supereffective|p2a: Rabsca
|-damage|p2a: Rabsca|16/100
|move|p2a: Rabsca|Psyshock|p1a: The Shield
|-supereffective|p1a: The Shield
|-end|p1a: The Shield|Substitute
|
|-heal|p1a: The Shield|25/100 brn|[from] item: Leftovers
|-damage|p1a: The Shield|19/100 brn|[from] brn
|upkeep
|turn|20
|
|t:|1685926286
|move|p1a: The Shield|Crunch|p2a: Rabsca
|-supereffective|p2a: Rabsca
|-damage|p2a: Rabsca|0 fnt
|faint|p2a: Rabsca
|
|-heal|p1a: The Shield|25/100 brn|[from] item: Leftovers
|-damage|p1a: The Shield|19/100 brn|[from] brn
|upkeep
|c| Astro Rifk|tbh id bring cb tera fighting
|c| Astro Rifk|and drop everything
|c| Astro Rifk|bc zama is him
|c| Astro Rifk|him/him
|c|☆IncandescentCandle|sub actually tears things apart though
|c|☆IncandescentCandle|like
|c| Astro Rifk|ye im just used to natdex
|
|t:|1685926322
|switch|p2a: Forretress|Forretress, M|69/100
|turn|21
|
|t:|1685926327
|move|p1a: The Shield|Body Press|p2a: Forretress
|-damage|p2a: Forretress|32/100
|move|p2a: Forretress|Body Press|p1a: The Shield
|-damage|p1a: The Shield|12/100 brn
|
|-heal|p1a: The Shield|18/100 brn|[from] item: Leftovers
|-heal|p2a: Forretress|38/100|[from] item: Leftovers
|-damage|p1a: The Shield|12/100 brn|[from] brn
|upkeep
|turn|22
|c| Astro Rifk|where u 2hko p much everything lol
|
|t:|1685926337
|move|p1a: The Shield|Body Press|p2a: Forretress
|-damage|p2a: Forretress|3/100
|move|p2a: Forretress|Body Press|p1a: The Shield
|-damage|p1a: The Shield|5/100 brn
|
|-heal|p1a: The Shield|11/100 brn|[from] item: Leftovers
|-heal|p2a: Forretress|9/100|[from] item: Leftovers
|-damage|p1a: The Shield|5/100 brn|[from] brn
|upkeep
|turn|23
|
|t:|1685926342
|move|p1a: The Shield|Body Press|p2a: Forretress
|-damage|p2a: Forretress|0 fnt
|faint|p2a: Forretress
|
|-heal|p1a: The Shield|11/100 brn|[from] item: Leftovers
|-damage|p1a: The Shield|5/100 brn|[from] brn
|upkeep
|
|t:|1685926346
|switch|p2a: Scizor|Scizor, M|39/100
|turn|24
|c|☆IncandescentCandle|watch that not be in bp range
|c| Astro Rifk|i really liked wild charge + koko
|
|t:|1685926351
|move|p2a: Scizor|Bullet Punch|p1a: The Shield
|-damage|p1a: The Shield|0 fnt
|faint|p1a: The Shield
|
|upkeep
|c|☆IncandescentCandle|lmao
|
|t:|1685926359
|switch|p1a: up|Garchomp, M|100/100
|-damage|p1a: up|88/100|[from] Spikes
|turn|25
|c| Astro Rifk|so u throw a charge into torn
|c| Astro Rifk|tho u 2hko most torns anyway
|c|☆IncandescentCandle|sub + id + bp + filler like
|l|☆Halo halo orange
|player|p2|
|c| Astro Rifk|tbf
|c| Astro Rifk|when u 2hko everything
|c|☆IncandescentCandle|theres so little you can do once its behind a sub and screens
|c| Astro Rifk|w band
|c|☆IncandescentCandle|as you can see here
|c|☆IncandescentCandle|+it frees me to run tera volc
|c| Astro Rifk|u can do pursuit king in natdex
|c| Astro Rifk|so u hard on any ghost
|c| Astro Rifk|click pursuit
|c|☆IncandescentCandle|and its ove
|j|☆Halo halo orange
|player|p2|Halo halo orange|169
|c| Astro Rifk|or on most psychics
|
|t:|1685926465
|switch|p2a: Volcarona|Volcarona, M|38/100
|move|p1a: up|Earthquake|p2a: Volcarona
|-damage|p2a: Volcarona|0 fnt
|faint|p2a: Volcarona
|-damage|p1a: up|78/100|[from] item: Life Orb
|
|upkeep
|c| Astro Rifk|then pursuit
|c| Astro Rifk|then game w zama
|
|t:|1685926478
|switch|p2a: Frosmoth|Frosmoth, M|100/100
|turn|26
|c|☆IncandescentCandle|i hit this
|
|t:|1685926483
|-terastallize|p2a: Frosmoth|Ice
|move|p1a: up|Stone Edge|p2a: Frosmoth
|-supereffective|p2a: Frosmoth
|-damage|p2a: Frosmoth|0 fnt
|faint|p2a: Frosmoth
|-damage|p1a: up|69/100|[from] item: Life Orb
|
|upkeep
|
|t:|1685926487
|switch|p2a: Scizor|Scizor, M|39/100
|turn|27
|c|☆IncandescentCandle|shrimple
|
|t:|1685926492
|move|p1a: up|Earthquake|p2a: Scizor
|-damage|p2a: Scizor|0 fnt
|faint|p2a: Scizor
|-damage|p1a: up|59/100|[from] item: Life Orb
|
|win|IncandescentCandle
|c|☆IncandescentCandle|gg
|c|☆Halo halo orange|Gg
|l| Astro Rifk
