|j|☆TheSombro
|j|☆Hallpass
|t:|1685907577
|gametype|singles
|player|p1|TheSombro|hilbert|1074
|player|p2|Hallpass|flannery|1131
|teamsize|p1|6
|teamsize|p2|6
|gen|9
|tier|[Gen 9] OU
|rated|
|rule|Sleep Clause Mod: Limit one foe put to sleep
|rule|Species Clause: Limit one of each Pokémon
|rule|OHKO Clause: OHKO moves are banned
|rule|Evasion Items Clause: Evasion items are banned
|rule|Evasion Moves Clause: Evasion moves are banned
|rule|Endless Battle Clause: Forcing endless battles is banned
|rule|HP Percentage Mod: HP is shown in percentages
|clearpoke
|poke|p1|Ursaluna, M|
|poke|p1|Slowking, M|
|poke|p1|Garganacl, M|
|poke|p1|Cresselia, F|
|poke|p1|Great Tusk|
|poke|p1|Heatran, F|
|poke|p2|Arcanine-Hisui, F|
|poke|p2|Great Tusk|
|poke|p2|Chien-Pao|
|poke|p2|Masquerain, F|
|poke|p2|Basculegion, M|
|poke|p2|Electrode-Hisui|
|teampreview
|
|t:|1685907592
|start
|switch|p1a: Heatran|Heatran, F|100/100
|switch|p2a: Arcanine|Arcanine-Hisui, F|100/100
|-item|p1a: Heatran|Air Balloon
|turn|1
|
|t:|1685907598
|move|p2a: Arcanine|Close Combat|p1a: Heatran
|-supereffective|p1a: Heatran
|-damage|p1a: Heatran|40/100
|-unboost|p2a: Arcanine|def|1
|-unboost|p2a: Arcanine|spd|1
|-enditem|p1a: Heatran|Air Balloon
|move|p1a: Heatran|Earth Power|p2a: Arcanine
|-supereffective|p2a: Arcanine
|-enditem|p2a: Arcanine|Focus Sash
|-damage|p2a: Arcanine|1/100
|
|upkeep
|turn|2
|
|t:|1685907611
|move|p2a: Arcanine|Head Smash|p1a: Heatran
|-damage|p1a: Heatran|0 fnt
|faint|p1a: Heatran
|
|upkeep
|
|t:|1685907624
|switch|p1a: Cresselia|Cresselia, F|100/100
|turn|3
|
|t:|1685907627
|move|p2a: Arcanine|Head Smash|p1a: Cresselia
|-damage|p1a: Cresselia|52/100
|-damage|p2a: Arcanine|0 fnt|[from] item: Rocky Helmet|[of] p1a: Cresselia
|faint|p2a: Arcanine
|move|p1a: Cresselia|Trick Room|p1a: Cresselia
|-fieldstart|move: Trick Room|[of] p1a: Cresselia
|
|upkeep
|
|t:|1685907637
|switch|p2a: Masquerain|Masquerain, F|100/100
|-ability|p2a: Masquerain|Intimidate|boost
|-unboost|p1a: Cresselia|atk|1
|turn|4
|
|t:|1685907643
|move|p1a: Cresselia|Power Gem|p2a: Masquerain
|-supereffective|p2a: Masquerain
|-damage|p2a: Masquerain|24/100
|move|p2a: Masquerain|Hurricane|p1a: Cresselia|[miss]
|-miss|p2a: Masquerain|p1a: Cresselia
|
|upkeep
|turn|5
|
|t:|1685907657
|move|p1a: Cresselia|Power Gem|p2a: Masquerain
|-supereffective|p2a: Masquerain
|-damage|p2a: Masquerain|0 fnt
|faint|p2a: Masquerain
|
|upkeep
|
|t:|1685907660
|switch|p2a: Basculegion|Basculegion, M|100/100
|-ability|p2a: Basculegion|Mold Breaker
|turn|6
|
|t:|1685907676
|switch|p1a: Great Tusk|Great Tusk|100/100
|move|p2a: Basculegion|Liquidation|p1a: Great Tusk
|-supereffective|p1a: Great Tusk
|-damage|p1a: Great Tusk|50/100
|
|upkeep
|turn|7
|
|t:|1685907689
|switch|p2a: Great Tusk|Great Tusk|100/100
|move|p1a: Great Tusk|Knock Off|p2a: Great Tusk
|-resisted|p2a: Great Tusk
|-damage|p2a: Great Tusk|87/100
|-enditem|p2a: Great Tusk|Heavy-Duty Boots|[from] move: Knock Off|[of] p1a: Great Tusk
|
|-fieldend|move: Trick Room
|upkeep
|turn|8
|
|t:|1685907700
|-end|p1a: Great Tusk|Protosynthesis|[silent]
|switch|p1a: Slowking|Slowking, M|100/100
|move|p2a: Great Tusk|Knock Off|p1a: Slowking
|-supereffective|p1a: Slowking
|-damage|p1a: Slowking|55/100
|-enditem|p1a: Slowking|Leftovers|[from] move: Knock Off|[of] p2a: Great Tusk
|
|upkeep
|turn|9
|
|t:|1685907707
|-end|p2a: Great Tusk|Protosynthesis|[silent]
|switch|p2a: Basculegion|Basculegion, M|100/100
|-ability|p2a: Basculegion|Mold Breaker
|move|p1a: Slowking|Trick Room|p1a: Slowking
|-fieldstart|move: Trick Room|[of] p1a: Slowking
|
|upkeep
|turn|10
|
|t:|1685907721
|move|p1a: Slowking|Psyshock|p2a: Basculegion
|-damage|p2a: Basculegion|68/100
|move|p2a: Basculegion|Liquidation|p1a: Slowking
|-resisted|p1a: Slowking
|-damage|p1a: Slowking|40/100
|
|upkeep
|turn|11
|
|t:|1685907731
|-terastallize|p2a: Basculegion|Ghost
|move|p1a: Slowking|Psyshock|p2a: Basculegion
|-damage|p2a: Basculegion|33/100
|move|p2a: Basculegion|Tera Blast|p1a: Slowking
|-supereffective|p1a: Slowking
|-damage|p1a: Slowking|0 fnt
|faint|p1a: Slowking
|
|upkeep
|
|t:|1685907747
|switch|p1a: Ursaluna|Ursaluna, M|100/100
|turn|12
|
|t:|1685907754
|move|p2a: Basculegion|Aqua Jet|p1a: Ursaluna
|-supereffective|p1a: Ursaluna
|-damage|p1a: Ursaluna|73/100
|move|p1a: Ursaluna|Earthquake|p2a: Basculegion
|-damage|p2a: Basculegion|0 fnt
|faint|p2a: Basculegion
|
|-status|p1a: Ursaluna|brn|[from] item: Flame Orb
|upkeep
|
|t:|1685907761
|switch|p2a: Great Tusk|Great Tusk|87/100
|turn|13
|
|t:|1685907765
|move|p1a: Ursaluna|Facade|p2a: Great Tusk
|-damage|p2a: Great Tusk|0 fnt
|faint|p2a: Great Tusk
|-end|p2a: Great Tusk|Protosynthesis|[silent]
|
|-damage|p1a: Ursaluna|67/100 brn|[from] brn
|-fieldend|move: Trick Room
|upkeep
|
|t:|1685907768
|switch|p2a: Electrode|Electrode-Hisui|100/100
|turn|14
|
|t:|1685907775
|switch|p1a: Cresselia|Cresselia, F|52/100
|move|p2a: Electrode|Energy Ball|p1a: Cresselia
|-damage|p1a: Cresselia|26/100
|
|upkeep
|turn|15
|
|t:|1685907786
|move|p2a: Electrode|Energy Ball|p1a: Cresselia
|-damage|p1a: Cresselia|0 fnt
|faint|p1a: Cresselia
|
|upkeep
|
|t:|1685907803
|switch|p1a: Garganacl|Garganacl, M|100/100
|turn|16
|
|t:|1685907807
|move|p2a: Electrode|Energy Ball|p1a: Garganacl
|-supereffective|p1a: Garganacl
|-damage|p1a: Garganacl|11/100
|move|p1a: Garganacl|Earthquake|p2a: Electrode
|-damage|p2a: Electrode|59/100
|
|-heal|p1a: Garganacl|18/100|[from] item: Leftovers
|upkeep
|turn|17
|
|t:|1685907814
|move|p1a: Garganacl|Protect|p1a: Garganacl
|-singleturn|p1a: Garganacl|Protect
|move|p2a: Electrode|Energy Ball|p1a: Garganacl
|-activate|p1a: Garganacl|move: Protect
|
|-heal|p1a: Garganacl|24/100|[from] item: Leftovers
|upkeep
|turn|18
|
|t:|1685907823
|move|p2a: Electrode|Energy Ball|p1a: Garganacl
|-supereffective|p1a: Garganacl
|-damage|p1a: Garganacl|0 fnt
|faint|p1a: Garganacl
|
|upkeep
|
|t:|1685907825
|switch|p1a: Great Tusk|Great Tusk|50/100
|turn|19
|
|t:|1685907829
|move|p2a: Electrode|Energy Ball|p1a: Great Tusk
|-supereffective|p1a: Great Tusk
|-damage|p1a: Great Tusk|0 fnt
|faint|p1a: Great Tusk
|-end|p1a: Great Tusk|Protosynthesis|[silent]
|
|upkeep
|
|t:|1685907831
|switch|p1a: Ursaluna|Ursaluna, M|67/100 brn
|turn|20
|
|t:|1685907835
|move|p2a: Electrode|Energy Ball|p1a: Ursaluna
|-supereffective|p1a: Ursaluna
|-damage|p1a: Ursaluna|0 fnt
|faint|p1a: Ursaluna
|
|win|Hallpass
|raw|TheSombro's rating: 1074 → 1056(-18 for losing)
|raw|Hallpass's rating: 1131 → 1152(+21 for winning)
