|j|☆Th3K1ng123
|j|☆Miracle95
|t:|1685910733
|gametype|singles
|player|p1|Th3K1ng123|drayden|1253
|player|p2|Miracle95|102|1346
|teamsize|p1|6
|teamsize|p2|6
|gen|9
|tier|[Gen 9] OU
|rated|
|rule|Sleep Clause Mod: Limit one foe put to sleep
|rule|Species Clause: Limit one of each Pokémon
|rule|OHKO Clause: OHKO moves are banned
|rule|Evasion Items Clause: Evasion items are banned
|rule|Evasion Moves Clause: Evasion moves are banned
|rule|Endless Battle Clause: Forcing endless battles is banned
|rule|HP Percentage Mod: HP is shown in percentages
|clearpoke
|poke|p1|Arcanine-Hisui, M|
|poke|p1|Zoroark-Hisui, M|
|poke|p1|Typhlosion-Hisui, M|
|poke|p1|Goodra-Hisui, M|
|poke|p1|Lilligant-Hisui, F|
|poke|p1|Braviary-Hisui, M|
|poke|p2|Sneasler, F|
|poke|p2|Kleavor, M|
|poke|p2|Raichu-Alola, F|
|poke|p2|Great Tusk|
|poke|p2|Goodra-Hisui, F|
|poke|p2|Zamazenta-*|
|teampreview
|inactive|Battle timer is ON: inactive players will automatically lose when time's up. (requested by Th3K1ng123)
|
|t:|1685910748
|start
|switch|p1a: Lilly|Lilligant-Hisui, F, shiny|100/100
|switch|p2a: Kleavor|Kleavor, M|100/100
|turn|1
|
|t:|1685910755
|move|p1a: Lilly|Sleep Powder|p2a: Kleavor
|-status|p2a: Kleavor|slp|[from] move: Sleep Powder
|cant|p2a: Kleavor|slp
|
|upkeep
|turn|2
|
|t:|1685910760
|move|p1a: Lilly|Victory Dance|p1a: Lilly
|-boost|p1a: Lilly|atk|1
|-boost|p1a: Lilly|def|1
|-boost|p1a: Lilly|spe|1
|-curestatus|p2a: Kleavor|slp|[msg]
|move|p2a: Kleavor|Stone Axe|p1a: Lilly
|-resisted|p1a: Lilly
|-damage|p1a: Lilly|74/100
|-sidestart|p1: Th3K1ng123|move: Stealth Rock
|
|upkeep
|turn|3
|
|t:|1685910769
|move|p1a: Lilly|Sleep Powder|p2a: Kleavor
|-status|p2a: Kleavor|slp|[from] move: Sleep Powder
|cant|p2a: Kleavor|slp
|
|upkeep
|turn|4
|
|t:|1685910773
|move|p1a: Lilly|Victory Dance|p1a: Lilly
|-boost|p1a: Lilly|atk|1
|-boost|p1a: Lilly|def|1
|-boost|p1a: Lilly|spe|1
|cant|p2a: Kleavor|slp
|
|upkeep
|turn|5
|
|t:|1685910779
|move|p1a: Lilly|Victory Dance|p1a: Lilly
|-boost|p1a: Lilly|atk|1
|-boost|p1a: Lilly|def|1
|-boost|p1a: Lilly|spe|1
|cant|p2a: Kleavor|slp
|
|upkeep
|turn|6
|
|t:|1685910785
|-terastallize|p1a: Lilly|Flying
|move|p1a: Lilly|Aerial Ace|p2a: Kleavor
|-enditem|p2a: Kleavor|Focus Sash
|-damage|p2a: Kleavor|1/100 slp
|-curestatus|p2a: Kleavor|slp|[msg]
|move|p2a: Kleavor|Acrobatics|p1a: Lilly
|-damage|p1a: Lilly|48/100
|
|upkeep
|turn|7
|
|t:|1685910794
|move|p1a: Lilly|Aerial Ace|p2a: Kleavor
|-damage|p2a: Kleavor|0 fnt
|faint|p2a: Kleavor
|
|upkeep
|
|t:|1685910798
|switch|p2a: Zamazenta|Zamazenta-Crowned|100/100
|-ability|p2a: Zamazenta|Dauntless Shield|boost
|-boost|p2a: Zamazenta|def|1
|turn|8
|
|t:|1685910803
|move|p1a: Lilly|Close Combat|p2a: Zamazenta
|-supereffective|p2a: Zamazenta
|-crit|p2a: Zamazenta
|-damage|p2a: Zamazenta|0 fnt
|-unboost|p1a: Lilly|def|1
|-unboost|p1a: Lilly|spd|1
|faint|p2a: Zamazenta
|
|upkeep
|
|t:|1685910810
|switch|p2a: Sneasler|Sneasler, F, shiny|100/100
|turn|9
|
|t:|1685910813
|move|p1a: Lilly|Aerial Ace|p2a: Sneasler
|-supereffective|p2a: Sneasler
|-damage|p2a: Sneasler|0 fnt
|faint|p2a: Sneasler
|
|upkeep
|-message|Miracle95 forfeited.
|
|win|Th3K1ng123
|raw|Th3K1ng123's rating: 1253 → 1285(+32 for winning)
|raw|Miracle95's rating: 1346 → 1321(-25 for losing)
|l|☆Miracle95
