|j|‽Sr.wez1ng
|j|☆ZaneCrescentB
|t:|1685922531
|gametype|singles
|player|p1|Sr.wez1ng|clair|1115
|player|p2|ZaneCrescentB|sabi|1134
|teamsize|p1|6
|teamsize|p2|6
|gen|9
|tier|[Gen 9] OU
|rated|
|rule|Sleep Clause Mod: Limit one foe put to sleep
|rule|Species Clause: Limit one of each Pokémon
|rule|OHKO Clause: OHKO moves are banned
|rule|Evasion Items Clause: Evasion items are banned
|rule|Evasion Moves Clause: Evasion moves are banned
|rule|Endless Battle Clause: Forcing endless battles is banned
|rule|HP Percentage Mod: HP is shown in percentages
|clearpoke
|poke|p1|Ursaluna, M|
|poke|p1|Zamazenta-*|
|poke|p1|Rotom-Wash|
|poke|p1|Zoroark-Hisui, F|
|poke|p1|Toedscruel, M|
|poke|p1|Hoopa-Unbound|
|poke|p2|Pawmot, F|
|poke|p2|Ursaluna, F|
|poke|p2|Zarude|
|poke|p2|Lilligant-Hisui, F|
|poke|p2|Dragapult, M|
|poke|p2|Glimmora, F|
|teampreview
|c|☆ZaneCrescentB|Gl hf.
|c|☆ZaneCrescentB|LEt's GO!
|
|t:|1685922581
|start
|switch|p1a: Toedscruel|Toedscruel, M|100/100
|switch|p2a: Glamora|Glimmora, F|100/100
|turn|1
|
|t:|1685922593
|move|p2a: Glamora|Mortal Spin|p1a: Toedscruel
|-damage|p1a: Toedscruel|92/100
|-status|p1a: Toedscruel|psn
|move|p1a: Toedscruel|Spore|p2a: Glamora
|-status|p2a: Glamora|slp|[from] move: Spore
|
|-heal|p1a: Toedscruel|98/100 psn|[from] item: Leftovers
|-damage|p1a: Toedscruel|86/100 psn|[from] psn
|upkeep
|turn|2
|
|t:|1685922603
|switch|p2a: Mimi|Lilligant-Hisui, F|100/100
|move|p1a: Toedscruel|Earth Power|p2a: Mimi
|-resisted|p2a: Mimi
|-damage|p2a: Mimi|86/100
|-unboost|p2a: Mimi|spd|1
|
|-heal|p1a: Toedscruel|92/100 psn|[from] item: Leftovers
|-damage|p1a: Toedscruel|80/100 psn|[from] psn
|upkeep
|turn|3
|
|t:|1685922612
|switch|p2a: ZZZ|Zarude|100/100
|switch|p1a: Zamazenta|Zamazenta-Crowned|100/100
|-ability|p1a: Zamazenta|Dauntless Shield|boost
|-boost|p1a: Zamazenta|def|1
|
|upkeep
|turn|4
|
|t:|1685922622
|switch|p2a: Glamora|Glimmora, F|100/100 slp
|move|p1a: Zamazenta|Crunch|p2a: Glamora
|-damage|p2a: Glamora|64/100 slp
|-unboost|p2a: Glamora|def|1
|-activate|p2a: Glamora|ability: Toxic Debris
|-sidestart|p1: Sr.wez1ng|move: Toxic Spikes
|
|upkeep
|turn|5
|
|t:|1685922628
|move|p1a: Zamazenta|Body Press|p2a: Glamora
|-damage|p2a: Glamora|0 fnt
|-activate|p2a: Glamora|ability: Toxic Debris
|-sidestart|p1: Sr.wez1ng|move: Toxic Spikes
|faint|p2a: Glamora
|
|upkeep
|
|t:|1685922635
|switch|p2a: OU THE PULT|Dragapult, M|100/100
|turn|6
|
|t:|1685922637
|move|p2a: OU THE PULT|Flamethrower|p1a: Zamazenta
|-supereffective|p1a: Zamazenta
|-damage|p1a: Zamazenta|47/100
|move|p1a: Zamazenta|Crunch|p2a: OU THE PULT
|-supereffective|p2a: OU THE PULT
|-damage|p2a: OU THE PULT|28/100
|-unboost|p2a: OU THE PULT|def|1
|
|upkeep
|turn|7
|
|t:|1685922645
|switch|p2a: Mimi|Lilligant-Hisui, F|86/100
|switch|p1a: Rotom|Rotom-Wash, shiny|100/100
|
|upkeep
|turn|8
|
|t:|1685922653
|move|p1a: Rotom|Protect|p1a: Rotom
|-singleturn|p1a: Rotom|Protect
|move|p2a: Mimi|Leaf Blade|p1a: Rotom
|-activate|p1a: Rotom|move: Protect
|
|upkeep
|turn|9
|c|☆ZaneCrescentB|I ALMOST.
|c|☆ZaneCrescentB|OH MY GOSH!
|
|t:|1685922660
|move|p2a: Mimi|Leaf Blade|p1a: Rotom
|-supereffective|p1a: Rotom
|-crit|p1a: Rotom
|-damage|p1a: Rotom|0 fnt
|faint|p1a: Rotom
|
|upkeep
|c|☆ZaneCrescentB|I was ALMOST HIM!
|c|☆ZaneCrescentB|YAY!
|
|t:|1685922665
|switch|p1a: Zamazenta|Zamazenta-Crowned|47/100
|turn|10
|c|☆ZaneCrescentB|CRIT SAVED/
|
|t:|1685922679
|move|p2a: Mimi|Victory Dance|p2a: Mimi
|-boost|p2a: Mimi|atk|1
|-boost|p2a: Mimi|def|1
|-boost|p2a: Mimi|spe|1
|move|p1a: Zamazenta|Behemoth Bash|p2a: Mimi
|-damage|p2a: Mimi|34/100
|
|upkeep
|turn|11
|
|t:|1685922687
|move|p2a: Mimi|Axe Kick|p1a: Zamazenta
|-supereffective|p1a: Zamazenta
|-damage|p1a: Zamazenta|0 fnt
|faint|p1a: Zamazenta
|
|upkeep
|
|t:|1685922694
|switch|p1a: Hoopa|Hoopa-Unbound|100/100
|-status|p1a: Hoopa|tox
|turn|12
|
|t:|1685922697
|move|p2a: Mimi|Leaf Blade|p1a: Hoopa|[miss]
|-miss|p2a: Mimi|p1a: Hoopa
|move|p1a: Hoopa|Zen Headbutt|p2a: Mimi
|-supereffective|p2a: Mimi
|-damage|p2a: Mimi|0 fnt
|faint|p2a: Mimi
|
|-damage|p1a: Hoopa|95/100 tox|[from] psn
|upkeep
|c|☆ZaneCrescentB|Ah my gosh.
|c|☆ZaneCrescentB|Of course.
|c|☆ZaneCrescentB|It's always Jover for me.
|
|t:|1685922709
|switch|p2a: ZZZ|Zarude|100/100
|turn|13
|
|t:|1685922715
|switch|p1a: Toedscruel|Toedscruel, M|80/100 psn
|move|p2a: ZZZ|Seed Bomb|p1a: Toedscruel
|-damage|p1a: Toedscruel|35/100 psn
|
|-heal|p1a: Toedscruel|41/100 psn|[from] item: Leftovers
|-damage|p1a: Toedscruel|29/100 psn|[from] psn
|upkeep
|turn|14
|
|t:|1685922725
|move|p2a: ZZZ|Bulk Up|p2a: ZZZ
|-boost|p2a: ZZZ|atk|1
|-boost|p2a: ZZZ|def|1
|move|p1a: Toedscruel|Trick Room|p1a: Toedscruel
|-fieldstart|move: Trick Room|[of] p1a: Toedscruel
|
|-heal|p1a: Toedscruel|35/100 psn|[from] item: Leftovers
|-damage|p1a: Toedscruel|22/100 psn|[from] psn
|upkeep
|turn|15
|
|t:|1685922733
|move|p1a: Toedscruel|Earth Power|p2a: ZZZ
|-resisted|p2a: ZZZ
|-damage|p2a: ZZZ|91/100
|move|p2a: ZZZ|Bulk Up|p2a: ZZZ
|-boost|p2a: ZZZ|atk|1
|-boost|p2a: ZZZ|def|1
|
|-heal|p1a: Toedscruel|28/100 psn|[from] item: Leftovers
|-heal|p2a: ZZZ|97/100|[from] item: Leftovers
|-damage|p1a: Toedscruel|16/100 psn|[from] psn
|upkeep
|turn|16
|
|t:|1685922739
|move|p1a: Toedscruel|Earth Power|p2a: ZZZ
|-resisted|p2a: ZZZ
|-damage|p2a: ZZZ|87/100
|move|p2a: ZZZ|Bulk Up|p2a: ZZZ
|-boost|p2a: ZZZ|atk|1
|-boost|p2a: ZZZ|def|1
|
|-heal|p1a: Toedscruel|22/100 psn|[from] item: Leftovers
|-heal|p2a: ZZZ|93/100|[from] item: Leftovers
|-damage|p1a: Toedscruel|10/100 psn|[from] psn
|upkeep
|turn|17
|
|t:|1685922742
|move|p1a: Toedscruel|Earth Power|p2a: ZZZ
|-resisted|p2a: ZZZ
|-damage|p2a: ZZZ|84/100
|move|p2a: ZZZ|Bulk Up|p2a: ZZZ
|-boost|p2a: ZZZ|atk|1
|-boost|p2a: ZZZ|def|1
|
|-heal|p1a: Toedscruel|16/100 psn|[from] item: Leftovers
|-heal|p2a: ZZZ|90/100|[from] item: Leftovers
|-damage|p1a: Toedscruel|3/100 psn|[from] psn
|upkeep
|turn|18
|
|t:|1685922758
|move|p2a: ZZZ|Seed Bomb|p1a: Toedscruel
|-damage|p1a: Toedscruel|0 fnt
|faint|p1a: Toedscruel
|
|-heal|p2a: ZZZ|96/100|[from] item: Leftovers
|-fieldend|move: Trick Room
|upkeep
|-message|Sr.wez1ng forfeited.
|
|win|ZaneCrescentB
|raw|Sr.wez1ng's rating: 1115 → 1091(-24 for losing)
|raw|ZaneCrescentB's rating: 1134 → 1158(+24 for winning)
|l|‽Sr.wez1ng
|c|☆ZaneCrescentB|Gg.
