|j|☆Arkaydia
|j|☆OUDJ NullGuy
|t:|1685824535
|gametype|singles
|player|p1|Arkaydia|iris-gen5bw2|1439
|player|p2|OUDJ NullGuy|hiker-gen4|1521
|teamsize|p1|6
|teamsize|p2|6
|gen|9
|tier|[Gen 9] OU
|rated|
|rule|Sleep Clause Mod: Limit one foe put to sleep
|rule|Species Clause: Limit one of each Pokémon
|rule|OHKO Clause: OHKO moves are banned
|rule|Evasion Items Clause: Evasion items are banned
|rule|Evasion Moves Clause: Evasion moves are banned
|rule|Endless Battle Clause: Forcing endless battles is banned
|rule|HP Percentage Mod: HP is shown in percentages
|clearpoke
|poke|p1|Urshifu-*, M|
|poke|p1|Magearna|
|poke|p1|Slowking-Galar, F|
|poke|p1|Corviknight, M|
|poke|p1|Great Tusk|
|poke|p1|Dragapult, F|
|poke|p2|Gholdengo|
|poke|p2|Slither Wing|
|poke|p2|Skeledirge, F|
|poke|p2|Roaring Moon|
|poke|p2|Kingambit, M|
|poke|p2|Glimmora, F|
|teampreview
|inactive|Battle timer is ON: inactive players will automatically lose when time's up. (requested by OUDJ NullGuy)
|
|t:|1685824549
|start
|switch|p1a: Great Tusk|Great Tusk|100/100
|switch|p2a: Roaring Moon|Roaring Moon|100/100
|-enditem|p2a: Roaring Moon|Booster Energy
|-activate|p2a: Roaring Moon|ability: Protosynthesis|[fromitem]
|-start|p2a: Roaring Moon|protosynthesisatk
|turn|1
|
|t:|1685824558
|-terastallize|p2a: Roaring Moon|Flying
|move|p2a: Roaring Moon|Dragon Dance|p2a: Roaring Moon
|-boost|p2a: Roaring Moon|atk|1
|-boost|p2a: Roaring Moon|spe|1
|move|p1a: Great Tusk|Earthquake|p2a: Roaring Moon
|-immune|p2a: Roaring Moon
|
|upkeep
|turn|2
|
|t:|1685824567
|-end|p1a: Great Tusk|Protosynthesis|[silent]
|switch|p1a: Corviknight|Corviknight, M|100/100
|-ability|p1a: Corviknight|Pressure
|move|p2a: Roaring Moon|Dragon Dance|p2a: Roaring Moon
|-boost|p2a: Roaring Moon|atk|1
|-boost|p2a: Roaring Moon|spe|1
|
|upkeep
|turn|3
|
|t:|1685824574
|move|p2a: Roaring Moon|Crunch|p1a: Corviknight
|-damage|p1a: Corviknight|30/100
|-damage|p2a: Roaring Moon|84/100|[from] item: Rocky Helmet|[of] p1a: Corviknight
|move|p1a: Corviknight|Roost|p1a: Corviknight
|-heal|p1a: Corviknight|80/100
|-singleturn|p1a: Corviknight|move: Roost
|
|upkeep
|turn|4
|
|t:|1685824580
|move|p2a: Roaring Moon|Dragon Dance|p2a: Roaring Moon
|-boost|p2a: Roaring Moon|atk|1
|-boost|p2a: Roaring Moon|spe|1
|move|p1a: Corviknight|Roost|p1a: Corviknight
|-heal|p1a: Corviknight|100/100
|-singleturn|p1a: Corviknight|move: Roost
|
|upkeep
|turn|5
|
|t:|1685824588
|move|p2a: Roaring Moon|Dragon Dance|p2a: Roaring Moon
|-boost|p2a: Roaring Moon|atk|1
|-boost|p2a: Roaring Moon|spe|1
|move|p1a: Corviknight|U-turn|p2a: Roaring Moon
|-resisted|p2a: Roaring Moon
|-damage|p2a: Roaring Moon|75/100
|
|t:|1685824591
|switch|p1a: Urshifu|Urshifu-Rapid-Strike, M|100/100|[from] U-turn
|
|upkeep
|turn|6
|
|t:|1685824594
|-terastallize|p1a: Urshifu|Water
|move|p1a: Urshifu|Aqua Jet|p2a: Roaring Moon
|-damage|p2a: Roaring Moon|22/100
|move|p2a: Roaring Moon|Acrobatics|p1a: Urshifu
|-damage|p1a: Urshifu|0 fnt
|faint|p1a: Urshifu
|
|upkeep
|
|t:|1685824618
|switch|p1a: Magearna|Magearna|100/100
|turn|7
|
|t:|1685824621
|move|p2a: Roaring Moon|Earthquake|p1a: Magearna
|-supereffective|p1a: Magearna
|-damage|p1a: Magearna|0 fnt
|faint|p1a: Magearna
|
|upkeep
|-message|Arkaydia forfeited.
|
|win|OUDJ NullGuy
|raw|Arkaydia's rating: 1439 → 1424(-15 for losing)
|raw|OUDJ NullGuy's rating: 1537 → 1552(+15 for winning)
|l|☆Arkaydia
