|j|☆Playingforfun21
|j|☆moth.o
|t:|1685844830
|gametype|singles
|player|p1|Playingforfun21|brycenman|1241
|player|p2|moth.o|roxie|1294
|teamsize|p1|6
|teamsize|p2|6
|gen|9
|tier|[Gen 9] OU
|rated|
|rule|Sleep Clause Mod: Limit one foe put to sleep
|rule|Species Clause: Limit one of each Pokémon
|rule|OHKO Clause: OHKO moves are banned
|rule|Evasion Items Clause: Evasion items are banned
|rule|Evasion Moves Clause: Evasion moves are banned
|rule|Endless Battle Clause: Forcing endless battles is banned
|rule|HP Percentage Mod: HP is shown in percentages
|clearpoke
|poke|p1|Sneasler, F|
|poke|p1|Arcanine-Hisui, M|
|poke|p1|Kingambit, M|
|poke|p1|Gholdengo|
|poke|p1|Zamazenta-*|
|poke|p1|Thundurus-Therian, M|
|poke|p2|Copperajah, F|
|poke|p2|Cresselia, F|
|poke|p2|Diancie|
|poke|p2|Meowscarada, F|
|poke|p2|Camerupt, M|
|poke|p2|Basculegion, M|
|teampreview
|
|t:|1685844852
|start
|switch|p1a: Thundurus|Thundurus-Therian, M|100/100
|switch|p2a: Basculegion|Basculegion, M, shiny|100/100
|turn|1
|
|t:|1685844864
|-terastallize|p1a: Thundurus|Water
|move|p1a: Thundurus|Tera Blast|p2a: Basculegion
|-resisted|p2a: Basculegion
|-damage|p2a: Basculegion|80/100
|move|p2a: Basculegion|Liquidation|p1a: Thundurus
|-resisted|p1a: Thundurus
|-damage|p1a: Thundurus|33/100
|
|upkeep
|turn|2
|
|t:|1685844874
|switch|p1a: Gholdengo|Gholdengo|100/100
|-item|p1a: Gholdengo|Air Balloon
|switch|p2a: Meowscarada|Meowscarada, F|100/100
|
|upkeep
|turn|3
|
|t:|1685844886
|move|p2a: Meowscarada|Knock Off|p1a: Gholdengo
|-supereffective|p1a: Gholdengo
|-damage|p1a: Gholdengo|26/100
|-enditem|p1a: Gholdengo|Air Balloon
|move|p1a: Gholdengo|Make It Rain|p2a: Meowscarada
|-crit|p2a: Meowscarada
|-enditem|p2a: Meowscarada|Focus Sash
|-damage|p2a: Meowscarada|1/100
|-unboost|p1a: Gholdengo|spa|1
|
|upkeep
|turn|4
|
|t:|1685844898
|switch|p1a: Kingambit|Kingambit, M|100/100
|move|p2a: Meowscarada|Flower Trick|p1a: Kingambit
|-resisted|p1a: Kingambit
|-crit|p1a: Kingambit
|-damage|p1a: Kingambit|74/100
|
|upkeep
|turn|5
|
|t:|1685844906
|move|p1a: Kingambit|Sucker Punch||[still]
|-fail|p1a: Kingambit
|move|p2a: Meowscarada|Trick Room|p2a: Meowscarada
|-fieldstart|move: Trick Room|[of] p2a: Meowscarada
|
|upkeep
|turn|6
|
|t:|1685844912
|move|p1a: Kingambit|Iron Head|p2a: Meowscarada
|-damage|p2a: Meowscarada|0 fnt
|faint|p2a: Meowscarada
|-damage|p1a: Kingambit|64/100|[from] item: Life Orb
|
|upkeep
|
|t:|1685844918
|switch|p2a: Camerupt|Camerupt, M, shiny|100/100
|turn|7
|
|t:|1685844926
|move|p1a: Kingambit|Sucker Punch|p2a: Camerupt
|-damage|p2a: Camerupt|24/100
|-enditem|p2a: Camerupt|Sitrus Berry|[eat]
|-heal|p2a: Camerupt|49/100|[from] item: Sitrus Berry
|-damage|p1a: Kingambit|54/100|[from] item: Life Orb
|move|p2a: Camerupt|Earth Power|p1a: Kingambit
|-supereffective|p1a: Kingambit
|-damage|p1a: Kingambit|0 fnt
|faint|p1a: Kingambit
|-end|p1a: Kingambit|fallenundefined|[silent]
|
|upkeep
|
|t:|1685844970
|switch|p1a: Arcanine|Arcanine-Hisui, M|100/100
|turn|8
|
|t:|1685844978
|switch|p1a: Gholdengo|Gholdengo|26/100
|move|p2a: Camerupt|Earth Power|p1a: Gholdengo
|-supereffective|p1a: Gholdengo
|-damage|p1a: Gholdengo|0 fnt
|faint|p1a: Gholdengo
|
|upkeep
|
|t:|1685844979
|switch|p1a: Sneasler|Sneasler, F|100/100
|turn|9
|
|t:|1685844989
|move|p1a: Sneasler|Endure|p1a: Sneasler
|-singleturn|p1a: Sneasler|move: Endure
|move|p2a: Camerupt|Earth Power|p1a: Sneasler
|-supereffective|p1a: Sneasler
|-activate|p1a: Sneasler|move: Endure
|-damage|p1a: Sneasler|1/100
|-enditem|p1a: Sneasler|Liechi Berry|[eat]
|-boost|p1a: Sneasler|atk|1|[from] item: Liechi Berry
|
|-fieldend|move: Trick Room
|upkeep
|turn|10
|
|t:|1685845008
|switch|p2a: AURORA|Cresselia, F, shiny|100/100
|move|p1a: Sneasler|Dire Claw|p2a: AURORA
|-damage|p2a: AURORA|64/100
|-status|p2a: AURORA|slp
|
|upkeep
|turn|11
|c|☆Playingforfun21|sleep boy
|
|t:|1685845023
|move|p1a: Sneasler|Dire Claw|p2a: AURORA
|-damage|p2a: AURORA|28/100 slp
|cant|p2a: AURORA|slp
|
|upkeep
|turn|12
|
|t:|1685845029
|move|p1a: Sneasler|Dire Claw|p2a: AURORA
|-damage|p2a: AURORA|0 fnt
|faint|p2a: AURORA
|
|upkeep
|
|t:|1685845039
|switch|p2a: Basculegion|Basculegion, M, shiny|80/100
|turn|13
|
|t:|1685845045
|move|p1a: Sneasler|Endure|p1a: Sneasler
|-singleturn|p1a: Sneasler|move: Endure
|move|p2a: Basculegion|Aqua Jet|p1a: Sneasler
|-activate|p1a: Sneasler|move: Endure
|-damage|p1a: Sneasler|1/100
|
|upkeep
|turn|14
|
|t:|1685845056
|switch|p1a: Thundurus|Thundurus-Therian, M, tera:Water|33/100
|move|p2a: Basculegion|Aqua Jet|p1a: Thundurus
|-resisted|p1a: Thundurus
|-crit|p1a: Thundurus
|-damage|p1a: Thundurus|0 fnt
|faint|p1a: Thundurus
|
|upkeep
|
|t:|1685845062
|switch|p1a: Zamazenta|Zamazenta|100/100
|-ability|p1a: Zamazenta|Dauntless Shield|boost
|-boost|p1a: Zamazenta|def|1
|turn|15
|
|t:|1685845071
|switch|p2a: Diancie|Diancie|100/100
|move|p1a: Zamazenta|Moonblast|p2a: Diancie
|-damage|p2a: Diancie|72/100
|
|upkeep
|turn|16
|
|t:|1685845079
|move|p1a: Zamazenta|Moonblast|p2a: Diancie
|-damage|p2a: Diancie|40/100
|move|p2a: Diancie|Trick Room|p2a: Diancie
|-fieldstart|move: Trick Room|[of] p2a: Diancie
|
|upkeep
|turn|17
|
|t:|1685845085
|move|p2a: Diancie|Moonblast|p1a: Zamazenta
|-supereffective|p1a: Zamazenta
|-damage|p1a: Zamazenta|8/100
|move|p1a: Zamazenta|Moonblast|p2a: Diancie
|-damage|p2a: Diancie|11/100
|-enditem|p2a: Diancie|Aguav Berry|[eat]
|-heal|p2a: Diancie|45/100|[from] item: Aguav Berry
|
|upkeep
|turn|18
|
|t:|1685845096
|switch|p1a: Arcanine|Arcanine-Hisui, M|100/100
|move|p2a: Diancie|Earth Power|p1a: Arcanine
|-supereffective|p1a: Arcanine
|-damage|p1a: Arcanine|0 fnt
|faint|p1a: Arcanine
|
|upkeep
|-message|Playingforfun21 forfeited.
|
|win|moth.o
|raw|Playingforfun21's rating: 1241 → 1220(-21 for losing)
|raw|moth.o's rating: 1294 → 1315(+21 for winning)
|l|☆Playingforfun21
