|j|☆JFITZ189
|j|☆Valeonix2
|t:|1685898352
|gametype|singles
|player|p1|JFITZ189|ethan|1131
|player|p2|Valeonix2|marlon|1181
|teamsize|p1|6
|teamsize|p2|6
|gen|9
|tier|[Gen 9] OU
|rated|
|rule|Sleep Clause Mod: Limit one foe put to sleep
|rule|Species Clause: Limit one of each Pokémon
|rule|OHKO Clause: OHKO moves are banned
|rule|Evasion Items Clause: Evasion items are banned
|rule|Evasion Moves Clause: Evasion moves are banned
|rule|Endless Battle Clause: Forcing endless battles is banned
|rule|HP Percentage Mod: HP is shown in percentages
|clearpoke
|poke|p1|Greninja, M|
|poke|p1|Garchomp, M|
|poke|p1|Ceruledge, M|
|poke|p1|Scizor, M|
|poke|p1|Hoopa-Unbound|
|poke|p1|Dragapult, M|
|poke|p2|Torkoal, M|
|poke|p2|Walking Wake|
|poke|p2|Lilligant-Hisui, F|
|poke|p2|Sandy Shocks|
|poke|p2|Maushold|
|poke|p2|Scream Tail|
|teampreview
|inactive|Battle timer is ON: inactive players will automatically lose when time's up. (requested by Valeonix2)
|
|t:|1685898366
|start
|switch|p1a: Garchomp|Garchomp, M|100/100
|switch|p2a: Scream Tail|Scream Tail|100/100
|turn|1
|
|t:|1685898377
|move|p2a: Scream Tail|Sunny Day|p2a: Scream Tail
|-weather|SunnyDay
|-activate|p2a: Scream Tail|ability: Protosynthesis
|-start|p2a: Scream Tail|protosynthesisspe
|move|p1a: Garchomp|Stealth Rock|p2a: Scream Tail
|-sidestart|p2: Valeonix2|move: Stealth Rock
|
|-weather|SunnyDay|[upkeep]
|upkeep
|turn|2
|
|t:|1685898385
|move|p2a: Scream Tail|Wish|p2a: Scream Tail
|move|p1a: Garchomp|Iron Head|p2a: Scream Tail
|-supereffective|p2a: Scream Tail
|-damage|p2a: Scream Tail|39/100
|-damage|p1a: Garchomp|91/100|[from] item: Life Orb
|
|-weather|SunnyDay|[upkeep]
|upkeep
|turn|3
|
|t:|1685898396
|-end|p2a: Scream Tail|Protosynthesis|[silent]
|switch|p2a: Walking Wake|Walking Wake|100/100
|-damage|p2a: Walking Wake|88/100|[from] Stealth Rock
|-activate|p2a: Walking Wake|ability: Protosynthesis
|-start|p2a: Walking Wake|protosynthesisspa
|switch|p1a: Scizor|Scizor, M|100/100
|
|-weather|SunnyDay|[upkeep]
|-heal|p2a: Walking Wake|100/100|[from] move: Wish|[wisher] Scream Tail
|upkeep
|turn|4
|
|t:|1685898408
|move|p2a: Walking Wake|Flamethrower|p1a: Scizor
|-supereffective|p1a: Scizor
|-damage|p1a: Scizor|0 fnt
|faint|p1a: Scizor
|-damage|p2a: Walking Wake|91/100|[from] item: Life Orb
|
|-weather|SunnyDay|[upkeep]
|upkeep
|
|t:|1685898425
|switch|p1a: Dragapult|Dragapult, M|100/100
|turn|5
|
|t:|1685898430
|-end|p2a: Walking Wake|Protosynthesis|[silent]
|switch|p2a: Scream Tail|Scream Tail|39/100
|-damage|p2a: Scream Tail|26/100|[from] Stealth Rock
|-activate|p2a: Scream Tail|ability: Protosynthesis
|-start|p2a: Scream Tail|protosynthesisspe
|move|p1a: Dragapult|Dragon Pulse|p2a: Scream Tail
|-immune|p2a: Scream Tail
|
|-weather|SunnyDay|[upkeep]
|upkeep
|turn|6
|
|t:|1685898442
|switch|p1a: Hoopa|Hoopa-Unbound|100/100
|move|p2a: Scream Tail|Wish|p2a: Scream Tail
|
|-weather|SunnyDay|[upkeep]
|upkeep
|turn|7
|
|t:|1685898458
|move|p2a: Scream Tail|Dazzling Gleam|p1a: Hoopa
|-supereffective|p1a: Hoopa
|-damage|p1a: Hoopa|79/100
|move|p1a: Hoopa|Hyperspace Fury|p2a: Scream Tail
|-damage|p2a: Scream Tail|0 fnt
|-unboost|p1a: Hoopa|def|1
|faint|p2a: Scream Tail
|-end|p2a: Scream Tail|Protosynthesis|[silent]
|
|-weather|SunnyDay|[upkeep]
|upkeep
|inactive|Valeonix2 has 120 seconds left.
|
|t:|1685898498
|switch|p2a: Maushold|Maushold|100/100
|-damage|p2a: Maushold|88/100|[from] Stealth Rock
|turn|8
|
|t:|1685898503
|move|p2a: Maushold|Tidy Up|p2a: Maushold
|-sideend|p2: Valeonix2|Stealth Rock
|-activate|p2a: Maushold|move: Tidy Up
|-boost|p2a: Maushold|atk|1
|-boost|p2a: Maushold|spe|1
|move|p1a: Hoopa|Drain Punch|p2a: Maushold
|-supereffective|p2a: Maushold
|-damage|p2a: Maushold|0 fnt
|-heal|p1a: Hoopa|100/100|[from] drain|[of] p2a: Maushold
|faint|p2a: Maushold
|
|-weather|none
|upkeep
|
|t:|1685898511
|switch|p2a: Torkoal|Torkoal, M|100/100
|-weather|SunnyDay|[from] ability: Drought|[of] p2a: Torkoal
|turn|9
|
|t:|1685898525
|move|p1a: Hoopa|Hyperspace Fury|p2a: Torkoal
|-damage|p2a: Torkoal|68/100
|-unboost|p1a: Hoopa|def|1
|move|p2a: Torkoal|Yawn|p1a: Hoopa
|-start|p1a: Hoopa|move: Yawn|[of] p2a: Torkoal
|
|-weather|SunnyDay|[upkeep]
|upkeep
|turn|10
|
|t:|1685898553
|switch|p1a: Dragapult|Dragapult, M|100/100
|move|p2a: Torkoal|Stealth Rock|p1a: Dragapult
|-sidestart|p1: JFITZ189|move: Stealth Rock
|
|-weather|SunnyDay|[upkeep]
|upkeep
|turn|11
|
|t:|1685898564
|switch|p2a: Sandy Shocks|Sandy Shocks|100/100
|-activate|p2a: Sandy Shocks|ability: Protosynthesis
|-start|p2a: Sandy Shocks|protosynthesisspa
|move|p1a: Dragapult|Dragon Pulse|p2a: Sandy Shocks
|-damage|p2a: Sandy Shocks|19/100
|
|-weather|SunnyDay|[upkeep]
|upkeep
|turn|12
|
|t:|1685898574
|move|p1a: Dragapult|Dragon Pulse|p2a: Sandy Shocks
|-damage|p2a: Sandy Shocks|0 fnt
|faint|p2a: Sandy Shocks
|-end|p2a: Sandy Shocks|Protosynthesis|[silent]
|
|-weather|SunnyDay|[upkeep]
|upkeep
|
|t:|1685898578
|switch|p2a: Lilligant|Lilligant-Hisui, F|100/100
|turn|13
|
|t:|1685898582
|move|p2a: Lilligant|Ice Spinner|p1a: Dragapult
|-supereffective|p1a: Dragapult
|-damage|p1a: Dragapult|0 fnt
|faint|p1a: Dragapult
|
|-weather|SunnyDay|[upkeep]
|upkeep
|
|t:|1685898594
|switch|p1a: Hoopa|Hoopa-Unbound|100/100
|-damage|p1a: Hoopa|88/100|[from] Stealth Rock
|turn|14
|
|t:|1685898599
|switch|p2a: Torkoal|Torkoal, M|68/100
|move|p1a: Hoopa|Psychic|p2a: Torkoal
|-damage|p2a: Torkoal|10/100
|
|-weather|SunnyDay|[upkeep]
|upkeep
|turn|15
|
|t:|1685898609
|switch|p2a: Walking Wake|Walking Wake|91/100
|-activate|p2a: Walking Wake|ability: Protosynthesis
|-start|p2a: Walking Wake|protosynthesisspa
|move|p1a: Hoopa|Psychic|p2a: Walking Wake
|-damage|p2a: Walking Wake|40/100
|
|-weather|SunnyDay|[upkeep]
|upkeep
|turn|16
|
|t:|1685898622
|-terastallize|p1a: Hoopa|Psychic
|move|p2a: Walking Wake|Hydro Steam|p1a: Hoopa
|-damage|p1a: Hoopa|25/100
|-damage|p2a: Walking Wake|31/100|[from] item: Life Orb
|move|p1a: Hoopa|Psychic|p2a: Walking Wake
|-damage|p2a: Walking Wake|0 fnt
|faint|p2a: Walking Wake
|-end|p2a: Walking Wake|Protosynthesis|[silent]
|
|-weather|none
|upkeep
|
|t:|1685898631
|switch|p2a: Lilligant|Lilligant-Hisui, F|100/100
|turn|17
|
|t:|1685898643
|move|p2a: Lilligant|Ice Spinner|p1a: Hoopa
|-damage|p1a: Hoopa|0 fnt
|faint|p1a: Hoopa
|
|upkeep
|
|t:|1685898658
|switch|p1a: Ceruledge|Ceruledge, M|100/100
|-damage|p1a: Ceruledge|75/100|[from] Stealth Rock
|turn|18
|
|t:|1685898665
|switch|p2a: Torkoal|Torkoal, M|10/100
|-weather|SunnyDay|[from] ability: Drought|[of] p2a: Torkoal
|move|p1a: Ceruledge|Bitter Blade|p2a: Torkoal
|-resisted|p2a: Torkoal
|-damage|p2a: Torkoal|0 fnt
|-heal|p1a: Ceruledge|81/100|[from] drain|[of] p2a: Torkoal
|faint|p2a: Torkoal
|-damage|p1a: Ceruledge|71/100|[from] item: Life Orb
|
|-weather|SunnyDay|[upkeep]
|upkeep
|
|t:|1685898684
|switch|p2a: Lilligant|Lilligant-Hisui, F|100/100
|turn|19
|
|t:|1685898694
|-terastallize|p2a: Lilligant|Grass
|move|p2a: Lilligant|Solar Blade||[still]
|-prepare|p2a: Lilligant|Solar Blade
|-anim|p2a: Lilligant|Solar Blade|p1a: Ceruledge
|-resisted|p1a: Ceruledge
|-damage|p1a: Ceruledge|0 fnt
|faint|p1a: Ceruledge
|
|-weather|SunnyDay|[upkeep]
|upkeep
|
|t:|1685898707
|switch|p1a: Greninja|Greninja, M, shiny|100/100
|-damage|p1a: Greninja|88/100|[from] Stealth Rock
|turn|20
|
|t:|1685898712
|move|p2a: Lilligant|Solar Blade||[still]
|-prepare|p2a: Lilligant|Solar Blade
|-anim|p2a: Lilligant|Solar Blade|p1a: Greninja
|-supereffective|p1a: Greninja
|-damage|p1a: Greninja|0 fnt
|faint|p1a: Greninja
|
|-weather|SunnyDay|[upkeep]
|upkeep
|
|t:|1685898718
|switch|p1a: Garchomp|Garchomp, M|91/100
|-damage|p1a: Garchomp|85/100|[from] Stealth Rock
|turn|21
|
|t:|1685898727
|move|p2a: Lilligant|Solar Blade||[still]
|-prepare|p2a: Lilligant|Solar Blade
|-anim|p2a: Lilligant|Solar Blade|p1a: Garchomp
|-damage|p1a: Garchomp|0 fnt
|-damage|p2a: Lilligant|88/100|[from] ability: Rough Skin|[of] p1a: Garchomp
|faint|p1a: Garchomp
|
|win|Valeonix2
|raw|JFITZ189's rating: 1131 → 1110(-21 for losing)
|raw|Valeonix2's rating: 1181 → 1202(+21 for winning)
|c|☆Valeonix2|gg
|c|☆JFITZ189|what??
|c|☆Valeonix2|Choice band
|c|☆JFITZ189|how did it outspend and kill
|c|☆JFITZ189|my green was choice scarf
|c|☆JFITZ189|gren
|c|☆JFITZ189|how did he outspeedd
|c|☆Valeonix2|chlorophyll
|c|☆JFITZ189|damn
|c|☆Valeonix2|618 speed
|c|☆JFITZ189|fuck me
|c|☆JFITZ189|didn't stand a chance
