|j|☆Steez Ibanez
|j|☆yaboiAshK.
|t:|1685926530
|gametype|singles
|player|p1|Steez Ibanez|chase|1641
|player|p2|yaboiAshK.|ash-johto|1570
|teamsize|p1|6
|teamsize|p2|6
|gen|9
|tier|[Gen 9] OU
|rated|
|rule|Sleep Clause Mod: Limit one foe put to sleep
|rule|Species Clause: Limit one of each Pokémon
|rule|OHKO Clause: OHKO moves are banned
|rule|Evasion Items Clause: Evasion items are banned
|rule|Evasion Moves Clause: Evasion moves are banned
|rule|Endless Battle Clause: Forcing endless battles is banned
|rule|HP Percentage Mod: HP is shown in percentages
|clearpoke
|poke|p1|Enamorus-Therian, F|
|poke|p1|Volcanion|
|poke|p1|Landorus-Therian, M|
|poke|p1|Arcanine-Hisui, M|
|poke|p1|Great Tusk|
|poke|p1|Muk-Alola, M|
|poke|p2|Dragapult, F|
|poke|p2|Slowking-Galar, F|
|poke|p2|Rotom-Heat|
|poke|p2|Great Tusk|
|poke|p2|Clodsire, M|
|poke|p2|Amoonguss, M|
|teampreview
|inactive|Battle timer is ON: inactive players will automatically lose when time's up. (requested by yaboiAshK.)
|
|t:|1685926559
|start
|switch|p1a: Simba|Landorus-Therian, M|100/100
|switch|p2a: Sushroom|Amoonguss, M|100/100
|-ability|p1a: Simba|Intimidate|boost
|-unboost|p2a: Sushroom|atk|1
|turn|1
|
|t:|1685926575
|move|p1a: Simba|U-turn|p2a: Sushroom
|-damage|p2a: Sushroom|83/100
|-enditem|p2a: Sushroom|Red Card|[of] p1a: Simba
|drag|p1a: Peach|Enamorus-Therian, F|100/100
|move|p2a: Sushroom|Spore|p1a: Peach
|-immune|p1a: Peach|[from] ability: Overcoat
|
|upkeep
|turn|2
|
|t:|1685926583
|move|p1a: Peach|Mystical Fire|p2a: Sushroom
|-supereffective|p2a: Sushroom
|-damage|p2a: Sushroom|39/100
|-unboost|p2a: Sushroom|spa|1
|move|p2a: Sushroom|Sludge Bomb|p1a: Peach
|-supereffective|p1a: Peach
|-damage|p1a: Peach|68/100
|-status|p1a: Peach|psn
|
|-heal|p1a: Peach|74/100 psn|[from] item: Leftovers
|-damage|p1a: Peach|61/100 psn|[from] psn
|upkeep
|turn|3
|
|t:|1685926591
|switch|p2a: Slowqueen|Slowking-Galar, F|100/100
|move|p1a: Peach|Calm Mind|p1a: Peach
|-boost|p1a: Peach|spa|1
|-boost|p1a: Peach|spd|1
|
|-heal|p1a: Peach|68/100 psn|[from] item: Leftovers
|-damage|p1a: Peach|55/100 psn|[from] psn
|upkeep
|turn|4
|
|t:|1685926593
|move|p1a: Peach|Earth Power|p2a: Slowqueen
|-supereffective|p2a: Slowqueen
|-damage|p2a: Slowqueen|50/100
|move|p2a: Slowqueen|Future Sight|p1a: Peach
|-start|p2a: Slowqueen|move: Future Sight
|
|-heal|p1a: Peach|61/100 psn|[from] item: Leftovers
|-heal|p2a: Slowqueen|56/100|[from] item: Black Sludge
|-damage|p1a: Peach|49/100 psn|[from] psn
|upkeep
|turn|5
|
|t:|1685926604
|switch|p2a: Toastiana|Rotom-Heat|100/100
|move|p1a: Peach|Draining Kiss|p2a: Toastiana
|-resisted|p2a: Toastiana
|-damage|p2a: Toastiana|80/100
|-heal|p1a: Peach|62/100 psn|[from] drain|[of] p2a: Toastiana
|
|-heal|p1a: Peach|68/100 psn|[from] item: Leftovers
|-damage|p1a: Peach|56/100 psn|[from] psn
|upkeep
|turn|6
|
|t:|1685926613
|move|p2a: Toastiana|Discharge|p1a: Peach
|-supereffective|p1a: Peach
|-damage|p1a: Peach|19/100 psn
|move|p1a: Peach|Earth Power|p2a: Toastiana
|-immune|p2a: Toastiana|[from] ability: Levitate
|
|-end|p1a: Peach|move: Future Sight
|-damage|p1a: Peach|0 fnt
|faint|p1a: Peach
|upkeep
|
|t:|1685926627
|switch|p1a: Simba|Landorus-Therian, M|100/100
|-ability|p1a: Simba|Intimidate|boost
|-unboost|p2a: Toastiana|atk|1
|turn|7
|
|t:|1685926630
|switch|p2a: Kandy Muse|Great Tusk|100/100
|move|p1a: Simba|Stealth Rock|p2a: Kandy Muse
|-sidestart|p2: yaboiAshK.|move: Stealth Rock
|
|upkeep
|turn|8
|
|t:|1685926634
|move|p1a: Simba|U-turn|p2a: Kandy Muse
|-resisted|p2a: Kandy Muse
|-damage|p2a: Kandy Muse|95/100
|
|t:|1685926636
|switch|p1a: Mammoth|Great Tusk|100/100|[from] U-turn
|move|p2a: Kandy Muse|Knock Off|p1a: Mammoth
|-resisted|p1a: Mammoth
|-damage|p1a: Mammoth|90/100
|-enditem|p1a: Mammoth|Heavy-Duty Boots|[from] move: Knock Off|[of] p2a: Kandy Muse
|
|-heal|p2a: Kandy Muse|100/100|[from] item: Leftovers
|upkeep
|turn|9
|
|t:|1685926640
|move|p1a: Mammoth|Knock Off|p2a: Kandy Muse
|-resisted|p2a: Kandy Muse
|-damage|p2a: Kandy Muse|92/100
|-enditem|p2a: Kandy Muse|Leftovers|[from] move: Knock Off|[of] p1a: Mammoth
|move|p2a: Kandy Muse|Stealth Rock|p1a: Mammoth
|-sidestart|p1: Steez Ibanez|move: Stealth Rock
|
|upkeep
|turn|10
|
|t:|1685926643
|move|p1a: Mammoth|Rapid Spin|p2a: Kandy Muse
|-damage|p2a: Kandy Muse|83/100
|-boost|p1a: Mammoth|spe|1
|-sideend|p1: Steez Ibanez|Stealth Rock|[from] move: Rapid Spin|[of] p1a: Mammoth
|move|p2a: Kandy Muse|Rapid Spin|p1a: Mammoth
|-damage|p1a: Mammoth|78/100
|-boost|p2a: Kandy Muse|spe|1
|-sideend|p2: yaboiAshK.|Stealth Rock|[from] move: Rapid Spin|[of] p2a: Kandy Muse
|
|upkeep
|turn|11
|
|t:|1685926648
|move|p1a: Mammoth|Headlong Rush|p2a: Kandy Muse
|-damage|p2a: Kandy Muse|53/100
|-unboost|p1a: Mammoth|def|1
|-unboost|p1a: Mammoth|spd|1
|move|p2a: Kandy Muse|Earthquake|p1a: Mammoth
|-damage|p1a: Mammoth|33/100
|
|upkeep
|turn|12
|
|t:|1685926655
|move|p1a: Mammoth|Headlong Rush|p2a: Kandy Muse
|-crit|p2a: Kandy Muse
|-damage|p2a: Kandy Muse|5/100
|-unboost|p1a: Mammoth|def|1
|-unboost|p1a: Mammoth|spd|1
|move|p2a: Kandy Muse|Rapid Spin|p1a: Mammoth
|-damage|p1a: Mammoth|13/100
|-boost|p2a: Kandy Muse|spe|1
|
|upkeep
|turn|13
|
|t:|1685926661
|-end|p1a: Mammoth|Protosynthesis|[silent]
|switch|p1a: Simba|Landorus-Therian, M|100/100
|-ability|p1a: Simba|Intimidate|boost
|-unboost|p2a: Kandy Muse|atk|1
|move|p2a: Kandy Muse|Rapid Spin|p1a: Simba
|-damage|p1a: Simba|91/100
|-boost|p2a: Kandy Muse|spe|1
|-damage|p2a: Kandy Muse|0 fnt|[from] item: Rocky Helmet|[of] p1a: Simba
|faint|p2a: Kandy Muse
|-end|p2a: Kandy Muse|Protosynthesis|[silent]
|
|upkeep
|
|t:|1685926669
|switch|p2a: Toothless|Dragapult, F|100/100
|turn|14
|
|t:|1685926679
|-terastallize|p2a: Toothless|Ghost
|move|p2a: Toothless|Tera Blast|p1a: Simba
|-damage|p1a: Simba|9/100
|move|p1a: Simba|Stealth Rock|p2a: Toothless
|-sidestart|p2: yaboiAshK.|move: Stealth Rock
|
|upkeep
|turn|15
|
|t:|1685926685
|switch|p1a: New York Water|Muk-Alola, M|100/100
|move|p2a: Toothless|Tera Blast|p1a: New York Water
|-resisted|p1a: New York Water
|-damage|p1a: New York Water|51/100
|
|-heal|p1a: New York Water|58/100|[from] item: Black Sludge
|upkeep
|turn|16
|
|t:|1685926697
|switch|p2a: Sushroom|Amoonguss, M|73/100
|-damage|p2a: Sushroom|60/100|[from] Stealth Rock
|move|p1a: New York Water|Knock Off|p2a: Sushroom
|-crit|p2a: Sushroom
|-damage|p2a: Sushroom|32/100
|
|-heal|p1a: New York Water|64/100|[from] item: Black Sludge
|upkeep
|turn|17
|
|t:|1685926703
|move|p1a: New York Water|Protect|p1a: New York Water
|-singleturn|p1a: New York Water|Protect
|move|p2a: Sushroom|Spore|p1a: New York Water
|-activate|p1a: New York Water|move: Protect
|
|-heal|p1a: New York Water|70/100|[from] item: Black Sludge
|upkeep
|turn|18
|
|t:|1685926707
|move|p1a: New York Water|Poison Jab|p2a: Sushroom
|-damage|p2a: Sushroom|12/100
|move|p2a: Sushroom|Spore|p1a: New York Water
|-status|p1a: New York Water|slp|[from] move: Spore
|
|-heal|p1a: New York Water|76/100 slp|[from] item: Black Sludge
|upkeep
|turn|19
|
|t:|1685926718
|switch|p2a: Toothless|Dragapult, F, tera:Ghost|100/100
|-damage|p2a: Toothless|88/100|[from] Stealth Rock
|cant|p1a: New York Water|slp
|
|-heal|p1a: New York Water|82/100 slp|[from] item: Black Sludge
|upkeep
|turn|20
|
|t:|1685926721
|-curestatus|p1a: New York Water|slp|[msg]
|move|p1a: New York Water|Protect|p1a: New York Water
|-singleturn|p1a: New York Water|Protect
|move|p2a: Toothless|Dragon Darts|p1a: New York Water
|-activate|p1a: New York Water|move: Protect
|
|-heal|p1a: New York Water|88/100|[from] item: Black Sludge
|upkeep
|turn|21
|
|t:|1685926732
|switch|p2a: Eclair|Clodsire, M|100/100
|-damage|p2a: Eclair|94/100|[from] Stealth Rock
|switch|p1a: Simba|Landorus-Therian, M|9/100
|-ability|p1a: Simba|Intimidate|boost
|-unboost|p2a: Eclair|atk|1
|
|-heal|p2a: Eclair|100/100|[from] item: Leftovers
|upkeep
|turn|22
|
|t:|1685926736
|switch|p2a: Toastiana|Rotom-Heat|80/100
|move|p1a: Simba|Earthquake|p2a: Toastiana
|-immune|p2a: Toastiana|[from] ability: Levitate
|
|upkeep
|turn|23
|
|t:|1685926739
|move|p2a: Toastiana|Overheat|p1a: Simba
|-damage|p1a: Simba|0 fnt
|-unboost|p2a: Toastiana|spa|2
|faint|p1a: Simba
|
|upkeep
|
|t:|1685926744
|switch|p1a: Tanjiro|Volcanion|100/100
|turn|24
|
|t:|1685926749
|move|p2a: Toastiana|Volt Switch|p1a: Tanjiro
|-supereffective|p1a: Tanjiro
|-damage|p1a: Tanjiro|67/100
|
|t:|1685926752
|switch|p2a: Eclair|Clodsire, M|100/100|[from] Volt Switch
|-damage|p2a: Eclair|94/100|[from] Stealth Rock
|move|p1a: Tanjiro|Earth Power|p2a: Eclair
|-supereffective|p2a: Eclair
|-damage|p2a: Eclair|61/100
|
|-heal|p2a: Eclair|67/100|[from] item: Leftovers
|upkeep
|turn|25
|
|t:|1685926756
|move|p1a: Tanjiro|Taunt|p2a: Eclair
|-start|p2a: Eclair|move: Taunt
|cant|p2a: Eclair|move: Taunt|Toxic
|
|-heal|p2a: Eclair|73/100|[from] item: Leftovers
|upkeep
|turn|26
|
|t:|1685926759
|move|p1a: Tanjiro|Earth Power|p2a: Eclair
|-supereffective|p2a: Eclair
|-damage|p2a: Eclair|39/100
|move|p2a: Eclair|Earthquake|p1a: Tanjiro
|-supereffective|p1a: Tanjiro
|-damage|p1a: Tanjiro|10/100
|
|-heal|p2a: Eclair|45/100|[from] item: Leftovers
|upkeep
|turn|27
|
|t:|1685926765
|move|p1a: Tanjiro|Steam Eruption|p2a: Eclair
|-heal|p2a: Eclair|70/100|[from] ability: Water Absorb|[of] p1a: Tanjiro
|move|p2a: Eclair|Earthquake|p1a: Tanjiro
|-supereffective|p1a: Tanjiro
|-damage|p1a: Tanjiro|0 fnt
|faint|p1a: Tanjiro
|
|-heal|p2a: Eclair|76/100|[from] item: Leftovers
|-end|p2a: Eclair|move: Taunt
|upkeep
|
|t:|1685926767
|switch|p1a: Mammoth|Great Tusk|13/100
|turn|28
|
|t:|1685926779
|move|p1a: Mammoth|Headlong Rush|p2a: Eclair
|-supereffective|p2a: Eclair
|-damage|p2a: Eclair|0 fnt
|-unboost|p1a: Mammoth|def|1
|-unboost|p1a: Mammoth|spd|1
|faint|p2a: Eclair
|
|upkeep
|
|t:|1685926781
|switch|p2a: Toothless|Dragapult, F, tera:Ghost|88/100
|-damage|p2a: Toothless|76/100|[from] Stealth Rock
|turn|29
|
|t:|1685926786
|move|p2a: Toothless|Dragon Darts|p1a: Mammoth
|-damage|p1a: Mammoth|0 fnt
|faint|p1a: Mammoth
|-end|p1a: Mammoth|Protosynthesis|[silent]
|
|upkeep
|
|t:|1685926788
|switch|p1a: Akamaru|Arcanine-Hisui, M|100/100
|-ability|p1a: Akamaru|Intimidate|boost
|-fail|p2a: Toothless|unboost|[from] ability: Clear Body|[of] p2a: Toothless
|turn|30
|
|t:|1685926792
|move|p2a: Toothless|Dragon Darts|p1a: Akamaru
|-damage|p1a: Akamaru|64/100
|-anim|p2a: Toothless|Dragon Darts|p1a: Akamaru
|-damage|p1a: Akamaru|32/100
|move|p1a: Akamaru|Will-O-Wisp|p2a: Toothless
|-status|p2a: Toothless|brn
|
|-damage|p2a: Toothless|70/100 brn|[from] brn
|upkeep
|turn|31
|
|t:|1685926796
|move|p2a: Toothless|Dragon Darts|p1a: Akamaru
|-damage|p1a: Akamaru|16/100
|-anim|p2a: Toothless|Dragon Darts|p1a: Akamaru
|-damage|p1a: Akamaru|0 fnt
|faint|p1a: Akamaru
|
|-damage|p2a: Toothless|64/100 brn|[from] brn
|upkeep
|
|t:|1685926800
|switch|p1a: New York Water|Muk-Alola, M|88/100
|turn|32
|
|t:|1685926803
|move|p1a: New York Water|Protect|p1a: New York Water
|-singleturn|p1a: New York Water|Protect
|move|p2a: Toothless|Dragon Darts|p1a: New York Water
|-activate|p1a: New York Water|move: Protect
|
|-heal|p1a: New York Water|94/100|[from] item: Black Sludge
|-damage|p2a: Toothless|58/100 brn|[from] brn
|upkeep
|turn|33
|
|t:|1685926807
|move|p2a: Toothless|Dragon Darts|p1a: New York Water
|-damage|p1a: New York Water|73/100
|-anim|p2a: Toothless|Dragon Darts|p1a: New York Water
|-damage|p1a: New York Water|53/100
|move|p1a: New York Water|Knock Off|p2a: Toothless
|-supereffective|p2a: Toothless
|-damage|p2a: Toothless|0 fnt
|-enditem|p2a: Toothless|Choice Band|[from] move: Knock Off|[of] p1a: New York Water
|faint|p2a: Toothless
|
|-heal|p1a: New York Water|59/100|[from] item: Black Sludge
|upkeep
|
|t:|1685926813
|switch|p2a: Toastiana|Rotom-Heat|80/100
|turn|34
|
|t:|1685926817
|move|p1a: New York Water|Protect|p1a: New York Water
|-singleturn|p1a: New York Water|Protect
|move|p2a: Toastiana|Nasty Plot|p2a: Toastiana
|-boost|p2a: Toastiana|spa|2
|
|-heal|p1a: New York Water|65/100|[from] item: Black Sludge
|upkeep
|turn|35
|
|t:|1685926820
|move|p2a: Toastiana|Discharge|p1a: New York Water
|-damage|p1a: New York Water|31/100
|move|p1a: New York Water|Toxic|p2a: Toastiana
|-status|p2a: Toastiana|tox
|
|-heal|p1a: New York Water|37/100|[from] item: Black Sludge
|-damage|p2a: Toastiana|74/100 tox|[from] psn
|upkeep
|turn|36
|
|t:|1685926828
|move|p1a: New York Water|Protect|p1a: New York Water
|-singleturn|p1a: New York Water|Protect
|move|p2a: Toastiana|Overheat|p1a: New York Water
|-activate|p1a: New York Water|move: Protect
|
|-heal|p1a: New York Water|43/100|[from] item: Black Sludge
|-damage|p2a: Toastiana|63/100 tox|[from] psn
|upkeep
|turn|37
|
|t:|1685926832
|move|p2a: Toastiana|Overheat|p1a: New York Water
|-damage|p1a: New York Water|0 fnt
|-unboost|p2a: Toastiana|spa|2
|faint|p1a: New York Water
|
|win|yaboiAshK.
|raw|Steez Ibanez's rating: 1641 → 1617(-24 for losing)
|raw|yaboiAshK.'s rating: 1570 → 1594(+24 for winning)
|l|☆Steez Ibanez
