|j|☆SKaxe×
|j|☆RaiOfHeaven
|t:|1685888002
|gametype|singles
|player|p1|SKaxe×|birdkeeper|1301
|player|p2|RaiOfHeaven|hilbert-wonderlauncher|1361
|teamsize|p1|6
|teamsize|p2|6
|gen|9
|tier|[Gen 9] OU
|rated|
|rule|Sleep Clause Mod: Limit one foe put to sleep
|rule|Species Clause: Limit one of each Pokémon
|rule|OHKO Clause: OHKO moves are banned
|rule|Evasion Items Clause: Evasion items are banned
|rule|Evasion Moves Clause: Evasion moves are banned
|rule|Endless Battle Clause: Forcing endless battles is banned
|rule|HP Percentage Mod: HP is shown in percentages
|clearpoke
|poke|p1|Samurott-Hisui, F|
|poke|p1|Hawlucha, M|
|poke|p1|Great Tusk|
|poke|p1|Rotom-Wash|
|poke|p1|Amoonguss, M|
|poke|p1|Magearna|
|poke|p2|Samurott-Hisui, M|
|poke|p2|Kingambit, M|
|poke|p2|Dragapult, M|
|poke|p2|Cinderace, M|
|poke|p2|Iron Valiant|
|poke|p2|Zapdos-Galar|
|teampreview
|inactive|Battle timer is ON: inactive players will automatically lose when time's up. (requested by SKaxe×)
|
|t:|1685888022
|start
|switch|p1a: Samurott|Samurott-Hisui, F|100/100
|switch|p2a: Akuma|Samurott-Hisui, M, shiny|100/100
|turn|1
|
|t:|1685888034
|switch|p1a: Amoonguss|Amoonguss, M|100/100
|move|p2a: Akuma|Sacred Sword|p1a: Amoonguss
|-resisted|p1a: Amoonguss
|-damage|p1a: Amoonguss|83/100
|-damage|p2a: Akuma|84/100|[from] item: Rocky Helmet|[of] p1a: Amoonguss
|
|upkeep
|turn|2
|
|t:|1685888051
|switch|p2a: Chicken|Zapdos-Galar|100/100
|move|p1a: Amoonguss|Sludge Bomb|p2a: Chicken
|-damage|p2a: Chicken|67/100
|-status|p2a: Chicken|psn
|
|-damage|p2a: Chicken|55/100 psn|[from] psn
|upkeep
|turn|3
|
|t:|1685888060
|switch|p1a: Rotom|Rotom-Wash|100/100
|move|p2a: Chicken|Drill Peck|p1a: Rotom
|-resisted|p1a: Rotom
|-damage|p1a: Rotom|77/100
|
|-heal|p1a: Rotom|84/100|[from] item: Leftovers
|-damage|p2a: Chicken|43/100 psn|[from] psn
|upkeep
|turn|4
|
|t:|1685888071
|move|p1a: Rotom|Protect|p1a: Rotom
|-singleturn|p1a: Rotom|Protect
|move|p2a: Chicken|U-turn|p1a: Rotom
|-activate|p1a: Rotom|move: Protect
|
|-heal|p1a: Rotom|90/100|[from] item: Leftovers
|-damage|p2a: Chicken|30/100 psn|[from] psn
|upkeep
|turn|5
|
|t:|1685888087
|move|p2a: Chicken|U-turn|p1a: Rotom
|-damage|p1a: Rotom|64/100
|
|t:|1685888102
|switch|p2a: Akuma|Samurott-Hisui, M, shiny|84/100|[from] U-turn
|move|p1a: Rotom|Thunder Wave|p2a: Akuma
|-status|p2a: Akuma|par
|
|-heal|p1a: Rotom|70/100|[from] item: Leftovers
|upkeep
|turn|6
|
|t:|1685888123
|move|p1a: Rotom|Protect|p1a: Rotom
|-singleturn|p1a: Rotom|Protect
|move|p2a: Akuma|Ceaseless Edge|p1a: Rotom
|-activate|p1a: Rotom|move: Protect
|
|-heal|p1a: Rotom|76/100|[from] item: Leftovers
|upkeep
|turn|7
|
|t:|1685888130
|move|p1a: Rotom|Volt Switch|p2a: Akuma
|-supereffective|p2a: Akuma
|-damage|p2a: Akuma|9/100 par
|
|t:|1685888137
|switch|p1a: Hawlucha|Hawlucha, M|100/100|[from] Volt Switch
|-ability|p1a: Hawlucha|Mold Breaker
|move|p2a: Akuma|Ceaseless Edge|p1a: Hawlucha
|-resisted|p1a: Hawlucha
|-damage|p1a: Hawlucha|75/100
|-sidestart|p1: SKaxe×|Spikes
|-damage|p2a: Akuma|0 fnt|[from] item: Rocky Helmet|[of] p1a: Hawlucha
|faint|p2a: Akuma
|
|upkeep
|
|t:|1685888153
|switch|p2a: Combatant|Iron Valiant|100/100
|-enditem|p2a: Combatant|Booster Energy
|-activate|p2a: Combatant|ability: Quark Drive|[fromitem]
|-start|p2a: Combatant|quarkdrivespe
|turn|8
|
|t:|1685888168
|switch|p1a: Magearna|Magearna|100/100
|-damage|p1a: Magearna|88/100|[from] Spikes
|move|p2a: Combatant|Moonblast|p1a: Magearna
|-resisted|p1a: Magearna
|-damage|p1a: Magearna|69/100
|
|-heal|p1a: Magearna|75/100|[from] item: Leftovers
|upkeep
|turn|9
|
|t:|1685888176
|move|p2a: Combatant|Thunderbolt|p1a: Magearna
|-damage|p1a: Magearna|51/100
|move|p1a: Magearna|Draining Kiss|p2a: Combatant
|-supereffective|p2a: Combatant
|-crit|p2a: Combatant
|-damage|p2a: Combatant|0 fnt
|-heal|p1a: Magearna|100/100|[from] drain|[of] p2a: Combatant
|faint|p2a: Combatant
|-ability|p1a: Magearna|Soul-Heart|boost
|-boost|p1a: Magearna|spa|1
|-end|p2a: Combatant|Quark Drive|[silent]
|
|upkeep
|
|t:|1685888187
|switch|p2a: Messi|Cinderace, M, shiny|100/100
|turn|10
|
|t:|1685888198
|switch|p1a: Rotom|Rotom-Wash|76/100
|move|p2a: Messi|Pyro Ball|p1a: Rotom
|-resisted|p1a: Rotom
|-damage|p1a: Rotom|44/100
|
|-heal|p1a: Rotom|50/100|[from] item: Leftovers
|upkeep
|turn|11
|
|t:|1685888205
|move|p1a: Rotom|Protect|p1a: Rotom
|-singleturn|p1a: Rotom|Protect
|move|p2a: Messi|U-turn|p1a: Rotom
|-start|p2a: Messi|typechange|Bug|[from] ability: Libero
|-activate|p1a: Rotom|move: Protect
|
|-heal|p1a: Rotom|56/100|[from] item: Leftovers
|upkeep
|turn|12
|
|t:|1685888217
|move|p2a: Messi|High Jump Kick|p1a: Rotom
|-damage|p1a: Rotom|9/100
|move|p1a: Rotom|Volt Switch|p2a: Messi
|-damage|p2a: Messi|66/100
|
|t:|1685888226
|switch|p1a: Magearna|Magearna|100/100|[from] Volt Switch
|-damage|p1a: Magearna|88/100|[from] Spikes
|
|-heal|p1a: Magearna|94/100|[from] item: Leftovers
|upkeep
|turn|13
|
|t:|1685888234
|-terastallize|p1a: Magearna|Fairy
|move|p2a: Messi|Pyro Ball|p1a: Magearna
|-damage|p1a: Magearna|63/100
|move|p1a: Magearna|Shift Gear|p1a: Magearna
|-boost|p1a: Magearna|spe|2
|-boost|p1a: Magearna|atk|1
|
|-heal|p1a: Magearna|69/100|[from] item: Leftovers
|upkeep
|turn|14
|
|t:|1685888246
|move|p1a: Magearna|Calm Mind|p1a: Magearna
|-boost|p1a: Magearna|spa|1
|-boost|p1a: Magearna|spd|1
|move|p2a: Messi|Pyro Ball|p1a: Magearna
|-damage|p1a: Magearna|40/100
|
|-heal|p1a: Magearna|46/100|[from] item: Leftovers
|upkeep
|turn|15
|
|t:|1685888253
|move|p1a: Magearna|Draining Kiss|p2a: Messi
|-damage|p2a: Messi|0 fnt
|-heal|p1a: Magearna|86/100|[from] drain|[of] p2a: Messi
|faint|p2a: Messi
|-ability|p1a: Magearna|Soul-Heart|boost
|-boost|p1a: Magearna|spa|1
|
|-heal|p1a: Magearna|92/100|[from] item: Leftovers
|upkeep
|
|t:|1685888265
|switch|p2a: Chicken|Zapdos-Galar|30/100 psn
|turn|16
|
|t:|1685888271
|move|p1a: Magearna|Draining Kiss|p2a: Chicken
|-supereffective|p2a: Chicken
|-damage|p2a: Chicken|0 fnt
|-heal|p1a: Magearna|100/100|[from] drain|[of] p2a: Chicken
|faint|p2a: Chicken
|-ability|p1a: Magearna|Soul-Heart|boost
|-boost|p1a: Magearna|spa|1
|
|upkeep
|
|t:|1685888280
|switch|p2a: Kenshin|Kingambit, M, shiny|100/100
|-activate|p2a: Kenshin|ability: Supreme Overlord
|-start|p2a: Kenshin|fallen4|[silent]
|turn|17
|
|t:|1685888288
|move|p2a: Kenshin|Sucker Punch|p1a: Magearna
|-resisted|p1a: Magearna
|-damage|p1a: Magearna|79/100
|move|p1a: Magearna|Draining Kiss|p2a: Kenshin
|-damage|p2a: Kenshin|10/100
|-heal|p1a: Magearna|100/100|[from] drain|[of] p2a: Kenshin
|
|-heal|p2a: Kenshin|16/100|[from] item: Leftovers
|upkeep
|turn|18
|
|t:|1685888297
|move|p2a: Kenshin|Sucker Punch|p1a: Magearna
|-resisted|p1a: Magearna
|-damage|p1a: Magearna|79/100
|move|p1a: Magearna|Draining Kiss|p2a: Kenshin
|-damage|p2a: Kenshin|0 fnt
|-heal|p1a: Magearna|92/100|[from] drain|[of] p2a: Kenshin
|faint|p2a: Kenshin
|-ability|p1a: Magearna|Soul-Heart|boost
|-boost|p1a: Magearna|spa|1
|-end|p2a: Kenshin|fallen4|[silent]
|
|-heal|p1a: Magearna|98/100|[from] item: Leftovers
|upkeep
|
|t:|1685888307
|switch|p2a: Dumpy|Dragapult, M, shiny|100/100
|turn|19
|
|t:|1685888310
|move|p1a: Magearna|Calm Mind|p1a: Magearna
|-boost|p1a: Magearna|spa|1
|-boost|p1a: Magearna|spd|1
|move|p2a: Dumpy|Flamethrower|p1a: Magearna
|-damage|p1a: Magearna|82/100
|
|-heal|p1a: Magearna|88/100|[from] item: Leftovers
|upkeep
|turn|20
|
|t:|1685888319
|-terastallize|p2a: Dumpy|Fairy
|move|p1a: Magearna|Shift Gear|p1a: Magearna
|-boost|p1a: Magearna|spe|2
|-boost|p1a: Magearna|atk|1
|move|p2a: Dumpy|Flamethrower|p1a: Magearna
|-damage|p1a: Magearna|70/100
|
|-heal|p1a: Magearna|76/100|[from] item: Leftovers
|upkeep
|turn|21
|
|t:|1685888328
|move|p1a: Magearna|Shift Gear|p1a: Magearna
|-boost|p1a: Magearna|spe|2
|-boost|p1a: Magearna|atk|1
|move|p2a: Dumpy|Flamethrower|p1a: Magearna
|-damage|p1a: Magearna|61/100
|
|-heal|p1a: Magearna|67/100|[from] item: Leftovers
|upkeep
|turn|22
|
|t:|1685888335
|move|p1a: Magearna|Calm Mind|p1a: Magearna
|-boost|p1a: Magearna|spa|1
|-boost|p1a: Magearna|spd|1
|move|p2a: Dumpy|Flamethrower|p1a: Magearna
|-damage|p1a: Magearna|53/100
|
|-heal|p1a: Magearna|59/100|[from] item: Leftovers
|upkeep
|turn|23
|
|t:|1685888342
|move|p1a: Magearna|Calm Mind|p1a: Magearna
|-boost|p1a: Magearna|spa|0
|-boost|p1a: Magearna|spd|1
|move|p2a: Dumpy|Flamethrower|p1a: Magearna
|-damage|p1a: Magearna|49/100
|
|-heal|p1a: Magearna|55/100|[from] item: Leftovers
|upkeep
|turn|24
|
|t:|1685888349
|move|p1a: Magearna|Calm Mind|p1a: Magearna
|-boost|p1a: Magearna|spa|0
|-boost|p1a: Magearna|spd|1
|move|p2a: Dumpy|Flamethrower|p1a: Magearna
|-damage|p1a: Magearna|45/100
|
|-heal|p1a: Magearna|51/100|[from] item: Leftovers
|upkeep
|turn|25
|
|t:|1685888358
|move|p1a: Magearna|Calm Mind|p1a: Magearna
|-boost|p1a: Magearna|spa|0
|-boost|p1a: Magearna|spd|1
|move|p2a: Dumpy|Flamethrower|p1a: Magearna
|-damage|p1a: Magearna|42/100
|
|-heal|p1a: Magearna|48/100|[from] item: Leftovers
|upkeep
|turn|26
|
|t:|1685888365
|move|p1a: Magearna|Shift Gear|p1a: Magearna
|-boost|p1a: Magearna|spe|0
|-boost|p1a: Magearna|atk|1
|move|p2a: Dumpy|Flamethrower|p1a: Magearna
|-damage|p1a: Magearna|39/100
|
|-heal|p1a: Magearna|45/100|[from] item: Leftovers
|upkeep
|turn|27
|
|t:|1685888373
|move|p1a: Magearna|Shift Gear|p1a: Magearna
|-boost|p1a: Magearna|spe|0
|-boost|p1a: Magearna|atk|1
|move|p2a: Dumpy|Flamethrower|p1a: Magearna
|-damage|p1a: Magearna|37/100
|
|-heal|p1a: Magearna|43/100|[from] item: Leftovers
|upkeep
|turn|28
|
|t:|1685888380
|move|p1a: Magearna|Shift Gear|p1a: Magearna
|-boost|p1a: Magearna|spe|0
|-boost|p1a: Magearna|atk|1
|move|p2a: Dumpy|Flamethrower|p1a: Magearna
|-damage|p1a: Magearna|35/100
|
|-heal|p1a: Magearna|41/100|[from] item: Leftovers
|upkeep
|turn|29
|
|t:|1685888388
|move|p1a: Magearna|Stored Power|p2a: Dumpy
|-damage|p2a: Dumpy|0 fnt
|faint|p2a: Dumpy
|
|win|SKaxe×
|raw|SKaxe×'s rating: 1301 → 1324(+23 for winning)
|raw|RaiOfHeaven's rating: 1361 → 1338(-23 for losing)
|l|☆RaiOfHeaven
