|j|☆azuisgold
|j|☆AviAtHome
|t:|1685827102
|gametype|singles
|player|p1|azuisgold|266|1575
|player|p2|AviAtHome|fisherman-gen4|1489
|teamsize|p1|6
|teamsize|p2|6
|gen|9
|tier|[Gen 9] OU
|rated|
|rule|Sleep Clause Mod: Limit one foe put to sleep
|rule|Species Clause: Limit one of each Pokémon
|rule|OHKO Clause: OHKO moves are banned
|rule|Evasion Items Clause: Evasion items are banned
|rule|Evasion Moves Clause: Evasion moves are banned
|rule|Endless Battle Clause: Forcing endless battles is banned
|rule|HP Percentage Mod: HP is shown in percentages
|clearpoke
|poke|p1|Sneasler, F|
|poke|p1|Dragapult, F|
|poke|p1|Volcanion|
|poke|p1|Chien-Pao|
|poke|p1|Zamazenta-*|
|poke|p1|Great Tusk|
|poke|p2|Samurott-Hisui, M|
|poke|p2|Dragapult, F|
|poke|p2|Sneasler, F|
|poke|p2|Magearna|
|poke|p2|Volcarona, M|
|poke|p2|Zamazenta-*|
|teampreview
|inactive|Battle timer is ON: inactive players will automatically lose when time's up. (requested by AviAtHome)
|
|t:|1685827128
|start
|switch|p1a: Sneasler|Sneasler, F|100/100
|switch|p2a: Samurott|Samurott-Hisui, M|100/100
|turn|1
|
|t:|1685827144
|move|p1a: Sneasler|U-turn|p2a: Samurott
|-supereffective|p2a: Samurott
|-damage|p2a: Samurott|10/100
|-status|p2a: Samurott|psn|[from] ability: Poison Touch|[of] p1a: Sneasler
|
|t:|1685827149
|switch|p1a: Great Tusk|Great Tusk|100/100|[from] U-turn
|move|p2a: Samurott|Ceaseless Edge|p1a: Great Tusk
|-resisted|p1a: Great Tusk
|-damage|p1a: Great Tusk|84/100
|-sidestart|p1: azuisgold|Spikes
|
|-heal|p1a: Great Tusk|90/100|[from] item: Leftovers
|-damage|p2a: Samurott|0 fnt|[from] psn
|faint|p2a: Samurott
|upkeep
|
|t:|1685827153
|switch|p2a: Dragapult|Dragapult, F|100/100
|turn|2
|inactive|azuisgold has 120 seconds left.
|inactive|azuisgold has 90 seconds left.
|
|t:|1685827228
|-end|p1a: Great Tusk|Protosynthesis|[silent]
|switch|p1a: Zamazenta|Zamazenta|100/100
|-damage|p1a: Zamazenta|88/100|[from] Spikes
|-ability|p1a: Zamazenta|Dauntless Shield|boost
|-boost|p1a: Zamazenta|def|1
|move|p2a: Dragapult|Reflect|p2a: Dragapult
|-sidestart|p2: AviAtHome|Reflect
|
|-heal|p1a: Zamazenta|94/100|[from] item: Leftovers
|upkeep
|turn|3
|
|t:|1685827243
|switch|p1a: Chien-Pao|Chien-Pao|100/100
|-ability|p1a: Chien-Pao|Sword of Ruin
|move|p2a: Dragapult|Light Screen|p2a: Dragapult
|-sidestart|p2: AviAtHome|move: Light Screen
|
|upkeep
|turn|4
|
|t:|1685827252
|switch|p1a: Sneasler|Sneasler, F|100/100
|-damage|p1a: Sneasler|88/100|[from] Spikes
|move|p2a: Dragapult|U-turn|p1a: Sneasler
|-resisted|p1a: Sneasler
|-damage|p1a: Sneasler|80/100
|inactive|AviAtHome has 120 seconds left.
|
|t:|1685827287
|switch|p2a: Volcarona|Volcarona, M|100/100|[from] U-turn
|
|upkeep
|turn|5
|inactive|AviAtHome has 120 seconds left.
|
|t:|1685827293
|move|p1a: Sneasler|Switcheroo|p2a: Volcarona
|-activate|p1a: Sneasler|move: Trick|[of] p2a: Volcarona
|-item|p2a: Volcarona|Choice Band|[from] move: Switcheroo
|-item|p1a: Sneasler|Heavy-Duty Boots|[from] move: Switcheroo
|move|p2a: Volcarona|Quiver Dance|p2a: Volcarona
|-boost|p2a: Volcarona|spa|1
|-boost|p2a: Volcarona|spd|1
|-boost|p2a: Volcarona|spe|1
|
|upkeep
|turn|6
|inactive|AviAtHome has 120 seconds left.
|
|t:|1685827312
|switch|p2a: Zamazenta|Zamazenta-Crowned|100/100
|-ability|p2a: Zamazenta|Dauntless Shield|boost
|-boost|p2a: Zamazenta|def|1
|move|p1a: Sneasler|Dire Claw|p2a: Zamazenta
|-immune|p2a: Zamazenta
|
|upkeep
|turn|7
|inactive|AviAtHome has 120 seconds left.
|
|t:|1685827320
|move|p2a: Zamazenta|Iron Defense|p2a: Zamazenta
|-boost|p2a: Zamazenta|def|2
|move|p1a: Sneasler|U-turn|p2a: Zamazenta
|-resisted|p2a: Zamazenta
|-damage|p2a: Zamazenta|99/100
|
|t:|1685827328
|switch|p1a: Volcanion|Volcanion|100/100|[from] U-turn
|-damage|p1a: Volcanion|88/100|[from] Spikes
|
|upkeep
|turn|8
|
|t:|1685827332
|move|p2a: Zamazenta|Body Press|p1a: Volcanion
|-damage|p1a: Volcanion|0 fnt
|faint|p1a: Volcanion
|
|upkeep
|inactive|azuisgold has 90 seconds left.
|inactive|azuisgold has 60 seconds left.
|
|t:|1685827405
|switch|p1a: Zamazenta|Zamazenta|94/100
|-damage|p1a: Zamazenta|82/100|[from] Spikes
|turn|9
|
|t:|1685827428
|move|p2a: Zamazenta|Body Press|p1a: Zamazenta
|-damage|p1a: Zamazenta|8/100
|move|p1a: Zamazenta|Iron Defense|p1a: Zamazenta
|-boost|p1a: Zamazenta|def|2
|
|-heal|p1a: Zamazenta|14/100|[from] item: Leftovers
|-sideend|p2: AviAtHome|Reflect
|upkeep
|turn|10
|
|t:|1685827434
|move|p2a: Zamazenta|Body Press|p1a: Zamazenta
|-damage|p1a: Zamazenta|0 fnt
|faint|p1a: Zamazenta
|
|-sideend|p2: AviAtHome|move: Light Screen
|upkeep
|inactive|azuisgold has 30 seconds left.
|
|t:|1685827465
|switch|p1a: Great Tusk|Great Tusk|90/100
|-damage|p1a: Great Tusk|78/100|[from] Spikes
|turn|11
|
|t:|1685827470
|move|p2a: Zamazenta|Body Press|p1a: Great Tusk
|-damage|p1a: Great Tusk|0 fnt
|faint|p1a: Great Tusk
|-end|p1a: Great Tusk|Protosynthesis|[silent]
|
|upkeep
|
|t:|1685827473
|switch|p1a: Chien-Pao|Chien-Pao|100/100
|-ability|p1a: Chien-Pao|Sword of Ruin
|turn|12
|
|t:|1685827481
|-terastallize|p1a: Chien-Pao|Fighting
|-terastallize|p2a: Zamazenta|Fire
|move|p1a: Chien-Pao|Sacred Sword|p2a: Zamazenta
|-damage|p2a: Zamazenta|61/100
|move|p2a: Zamazenta|Body Press|p1a: Chien-Pao
|-damage|p1a: Chien-Pao|0 fnt
|faint|p1a: Chien-Pao
|
|upkeep
|-message|azuisgold forfeited.
|
|win|AviAtHome
|raw|azuisgold's rating: 1575 → 1550(-25 for losing)
|raw|AviAtHome's rating: 1489 → 1514(+25 for winning)
|l|☆azuisgold
