|j|☆NlCHOLAS
|j|☆WeirdHamster
|t:|1685821798
|gametype|singles
|player|p1|NlCHOLAS|lucas|1731
|player|p2|WeirdHamster|volkner|1708
|teamsize|p1|6
|teamsize|p2|6
|gen|9
|tier|[Gen 9] OU
|rated|
|rule|Sleep Clause Mod: Limit one foe put to sleep
|rule|Species Clause: Limit one of each Pokémon
|rule|OHKO Clause: OHKO moves are banned
|rule|Evasion Items Clause: Evasion items are banned
|rule|Evasion Moves Clause: Evasion moves are banned
|rule|Endless Battle Clause: Forcing endless battles is banned
|rule|HP Percentage Mod: HP is shown in percentages
|clearpoke
|poke|p1|Samurott-Hisui, F|
|poke|p1|Dragapult, M|
|poke|p1|Sneasler, F|
|poke|p1|Magearna|
|poke|p1|Volcarona, M|
|poke|p1|Zamazenta-*|
|poke|p2|Pelipper, F|
|poke|p2|Floatzel, F|
|poke|p2|Golduck, M|
|poke|p2|Pawmot, F|
|poke|p2|Toedscruel, F|
|poke|p2|Azumarill, F|
|teampreview
|inactive|Battle timer is ON: inactive players will automatically lose when time's up. (requested by WeirdHamster)
|inactive|NlCHOLAS also wants the timer to be on.
|
|t:|1685821804
|start
|switch|p1a: Samurott|Samurott-Hisui, F|100/100
|switch|p2a: Ghoti carrier|Pelipper, F|100/100
|-weather|RainDance|[from] ability: Drizzle|[of] p2a: Ghoti carrier
|turn|1
|
|t:|1685821807
|move|p1a: Samurott|Ceaseless Edge|p2a: Ghoti carrier
|-crit|p2a: Ghoti carrier
|-damage|p2a: Ghoti carrier|19/100
|-sidestart|p2: WeirdHamster|Spikes
|move|p2a: Ghoti carrier|U-turn|p1a: Samurott
|-supereffective|p1a: Samurott
|-damage|p1a: Samurott|77/100
|
|t:|1685821809
|switch|p2a: The Goat|Azumarill, F|100/100|[from] U-turn
|-damage|p2a: The Goat|88/100|[from] Spikes
|
|-weather|RainDance|[upkeep]
|upkeep
|turn|2
|
|t:|1685821812
|move|p1a: Samurott|Taunt|p2a: The Goat
|-start|p2a: The Goat|move: Taunt
|cant|p2a: The Goat|move: Taunt|Belly Drum
|
|-weather|RainDance|[upkeep]
|upkeep
|turn|3
|
|t:|1685821814
|move|p1a: Samurott|Ceaseless Edge|p2a: The Goat
|-resisted|p2a: The Goat
|-damage|p2a: The Goat|64/100
|-sidestart|p2: WeirdHamster|Spikes
|move|p2a: The Goat|Play Rough|p1a: Samurott
|-supereffective|p1a: Samurott
|-damage|p1a: Samurott|0 fnt
|faint|p1a: Samurott
|
|-weather|RainDance|[upkeep]
|upkeep
|
|t:|1685821817
|switch|p1a: Sneasler|Sneasler, F|100/100
|-item|p1a: Sneasler|Air Balloon
|turn|4
|
|t:|1685821822
|move|p1a: Sneasler|Dire Claw|p2a: The Goat
|-supereffective|p2a: The Goat
|-crit|p2a: The Goat
|-damage|p2a: The Goat|0 fnt
|faint|p2a: The Goat
|
|-weather|RainDance|[upkeep]
|upkeep
|
|t:|1685821826
|switch|p2a: BandedSkeda|Floatzel, F|100/100
|-damage|p2a: BandedSkeda|84/100|[from] Spikes
|turn|5
|
|t:|1685821833
|switch|p1a: Volcarona|Volcarona, M|100/100
|move|p2a: BandedSkeda|Liquidation|p1a: Volcarona
|-supereffective|p1a: Volcarona
|-damage|p1a: Volcarona|0 fnt
|-status|p2a: BandedSkeda|brn|[from] ability: Flame Body|[of] p1a: Volcarona
|faint|p1a: Volcarona
|
|-weather|RainDance|[upkeep]
|-damage|p2a: BandedSkeda|78/100 brn|[from] brn
|upkeep
|
|t:|1685821836
|switch|p1a: Dragapult|Dragapult, M|100/100
|turn|6
|j| kowalski69
|j| Youressi
|j| PooperDuber
|c| PooperDuber|Unfortunate.
|c| PooperDuber|Volcarona is so cheesy.
|
|t:|1685821859
|move|p2a: BandedSkeda|Liquidation|p1a: Dragapult
|-resisted|p1a: Dragapult
|-damage|p1a: Dragapult|76/100
|-start|p2a: BandedSkeda|Disable|Liquidation|[from] ability: Cursed Body|[of] p1a: Dragapult
|move|p1a: Dragapult|Reflect|p1a: Dragapult
|-sidestart|p1: NlCHOLAS|Reflect
|
|-weather|RainDance|[upkeep]
|-damage|p2a: BandedSkeda|72/100 brn|[from] brn
|upkeep
|turn|7
|
|t:|1685821863
|-activate|p2a: BandedSkeda|move: Struggle
|move|p2a: BandedSkeda|Struggle|p1a: Dragapult
|-damage|p1a: Dragapult|70/100
|-damage|p2a: BandedSkeda|47/100 brn|[from] recoil
|move|p1a: Dragapult|Light Screen|p1a: Dragapult
|-sidestart|p1: NlCHOLAS|move: Light Screen
|
|-weather|RainDance|[upkeep]
|-damage|p2a: BandedSkeda|40/100 brn|[from] brn
|upkeep
|turn|8
|c| PooperDuber|OH NO!
|
|t:|1685821871
|-activate|p2a: BandedSkeda|move: Struggle
|move|p2a: BandedSkeda|Struggle|p1a: Dragapult
|-damage|p1a: Dragapult|63/100
|-damage|p2a: BandedSkeda|15/100 brn|[from] recoil
|move|p1a: Dragapult|U-turn|p2a: BandedSkeda
|-damage|p2a: BandedSkeda|0 fnt
|faint|p2a: BandedSkeda
|
|t:|1685821877
|switch|p1a: Magearna|Magearna|100/100|[from] U-turn
|
|-weather|none
|upkeep
|
|t:|1685821881
|switch|p2a: Really want eject|Pawmot, F|100/100
|-damage|p2a: Really want eject|84/100|[from] Spikes
|turn|9
|
|t:|1685821885
|move|p2a: Really want eject|Nuzzle|p1a: Magearna
|-crit|p1a: Magearna
|-damage|p1a: Magearna|91/100
|-status|p1a: Magearna|par
|move|p1a: Magearna|Iron Defense|p1a: Magearna
|-boost|p1a: Magearna|def|2
|
|-heal|p1a: Magearna|97/100 par|[from] item: Leftovers
|upkeep
|turn|10
|
|t:|1685821887
|move|p2a: Really want eject|Encore|p1a: Magearna
|-start|p1a: Magearna|Encore
|move|p1a: Magearna|Iron Defense|p1a: Magearna
|-boost|p1a: Magearna|def|2
|
|-heal|p1a: Magearna|100/100 par|[from] item: Leftovers
|upkeep
|turn|11
|
|t:|1685821891
|switch|p1a: Dragapult|Dragapult, M|63/100
|move|p2a: Really want eject|Revival Blessing|p2a: Really want eject
|-enditem|p2a: Really want eject|Leppa Berry|[eat]
|-activate|p2a: Really want eject|item: Leppa Berry|Revival Blessing|[consumed]
|
|t:|1685821894
|-heal|p2: BandedSkeda|50/100|[from] move: Revival Blessing
|
|upkeep
|turn|12
|
|t:|1685821895
|move|p1a: Dragapult|Curse|p2a: Really want eject
|-start|p2a: Really want eject|Curse|[of] p1a: Dragapult
|-damage|p1a: Dragapult|13/100
|move|p2a: Really want eject|Nuzzle|p1a: Dragapult
|-resisted|p1a: Dragapult
|-damage|p1a: Dragapult|11/100
|-status|p1a: Dragapult|par
|
|-damage|p2a: Really want eject|59/100|[from] Curse
|upkeep
|turn|13
|c| PooperDuber|Good move there.
|
|t:|1685821901
|switch|p2a: Ghoti carrier|Pelipper, F|19/100
|-weather|RainDance|[from] ability: Drizzle|[of] p2a: Ghoti carrier
|switch|p1a: Zamazenta|Zamazenta-Crowned|100/100
|-ability|p1a: Zamazenta|Dauntless Shield|boost
|-boost|p1a: Zamazenta|def|1
|
|-weather|RainDance|[upkeep]
|-sideend|p1: NlCHOLAS|Reflect
|upkeep
|turn|14
|
|t:|1685821913
|move|p1a: Zamazenta|Body Press|p2a: Ghoti carrier
|-resisted|p2a: Ghoti carrier
|-damage|p2a: Ghoti carrier|0 fnt
|faint|p2a: Ghoti carrier
|
|-weather|RainDance|[upkeep]
|-sideend|p1: NlCHOLAS|move: Light Screen
|upkeep
|
|t:|1685821915
|switch|p2a: Seaking Duck|Golduck, M|100/100
|-damage|p2a: Seaking Duck|84/100|[from] Spikes
|turn|15
|j| shedtailhater
|raw|Moderated chat was set to ☆!Only users of rank ☆ and higher can talk.
|
|t:|1685821921
|switch|p1a: Dragapult|Dragapult, M|11/100 par
|-terastallize|p2a: Seaking Duck|Ghost
|move|p2a: Seaking Duck|Nasty Plot|p2a: Seaking Duck
|-boost|p2a: Seaking Duck|spa|2
|
|-weather|RainDance|[upkeep]
|upkeep
|turn|16
|
|t:|1685821930
|move|p2a: Seaking Duck|Surf|p1a: Dragapult
|-resisted|p1a: Dragapult
|-damage|p1a: Dragapult|0 fnt
|faint|p1a: Dragapult
|-damage|p2a: Seaking Duck|74/100|[from] item: Life Orb
|
|-weather|RainDance|[upkeep]
|upkeep
|
|t:|1685821933
|switch|p1a: Magearna|Magearna|100/100 par
|turn|17
|
|t:|1685821935
|-terastallize|p1a: Magearna|Water
|move|p2a: Seaking Duck|Surf|p1a: Magearna
|-resisted|p1a: Magearna
|-damage|p1a: Magearna|27/100 par
|-damage|p2a: Seaking Duck|64/100|[from] item: Life Orb
|move|p1a: Magearna|Calm Mind|p1a: Magearna
|-boost|p1a: Magearna|spa|1
|-boost|p1a: Magearna|spd|1
|
|-weather|RainDance|[upkeep]
|-heal|p1a: Magearna|34/100 par|[from] item: Leftovers
|upkeep
|turn|18
|
|t:|1685821938
|move|p2a: Seaking Duck|Grass Knot|p1a: Magearna
|-supereffective|p1a: Magearna
|-damage|p1a: Magearna|0 fnt
|faint|p1a: Magearna
|-damage|p2a: Seaking Duck|54/100|[from] item: Life Orb
|
|-weather|RainDance|[upkeep]
|upkeep
|
|t:|1685821940
|switch|p1a: Sneasler|Sneasler, F|100/100
|-item|p1a: Sneasler|Air Balloon
|turn|19
|
|t:|1685821943
|move|p2a: Seaking Duck|Surf|p1a: Sneasler
|-damage|p1a: Sneasler|0 fnt
|-enditem|p1a: Sneasler|Air Balloon
|faint|p1a: Sneasler
|-damage|p2a: Seaking Duck|44/100|[from] item: Life Orb
|
|-weather|RainDance|[upkeep]
|upkeep
|
|t:|1685821945
|switch|p1a: Zamazenta|Zamazenta-Crowned|100/100
|turn|20
|
|t:|1685821953
|move|p2a: Seaking Duck|Surf|p1a: Zamazenta
|-damage|p1a: Zamazenta|0 fnt
|faint|p1a: Zamazenta
|-damage|p2a: Seaking Duck|34/100|[from] item: Life Orb
|
|win|WeirdHamster
|raw|NlCHOLAS's rating: 1731 → 1710(-21 for losing)
|raw|WeirdHamster's rating: 1708 → 1729(+21 for winning)
|l|☆NlCHOLAS
|c|☆WeirdHamster|ggwp
