|j|☆adpg.alt
|j|☆hioerfovofd
|t:|1685840040
|gametype|singles
|player|p1|adpg.alt|hilbert-wonderlauncher|1180
|player|p2|hioerfovofd|lucas|1092
|teamsize|p1|6
|teamsize|p2|6
|gen|9
|tier|[Gen 9] OU
|rated|
|rule|Sleep Clause Mod: Limit one foe put to sleep
|rule|Species Clause: Limit one of each Pokémon
|rule|OHKO Clause: OHKO moves are banned
|rule|Evasion Items Clause: Evasion items are banned
|rule|Evasion Moves Clause: Evasion moves are banned
|rule|Endless Battle Clause: Forcing endless battles is banned
|rule|HP Percentage Mod: HP is shown in percentages
|clearpoke
|poke|p1|Kleavor, F|
|poke|p1|Pelipper, F|
|poke|p1|Basculegion-F, F|
|poke|p1|Great Tusk|
|poke|p1|Rillaboom, M|
|poke|p1|Sneasler, M|
|poke|p2|Sneasler, F|
|poke|p2|Zamazenta-*|
|poke|p2|Ursaluna, M|
|poke|p2|Walking Wake|
|poke|p2|Scizor, F|
|poke|p2|Chien-Pao|
|teampreview
|
|t:|1685840062
|start
|switch|p1a: Pelippo|Pelipper, F|100/100
|switch|p2a: Sneasler|Sneasler, F|100/100
|-item|p2a: Sneasler|Air Balloon
|-weather|RainDance|[from] ability: Drizzle|[of] p1a: Pelippo
|turn|1
|
|t:|1685840074
|move|p2a: Sneasler|Substitute|p2a: Sneasler
|-start|p2a: Sneasler|Substitute
|-damage|p2a: Sneasler|76/100
|move|p1a: Pelippo|Hurricane|p2a: Sneasler
|-supereffective|p2a: Sneasler
|-end|p2a: Sneasler|Substitute
|-enditem|p2a: Sneasler|Air Balloon
|
|-weather|RainDance|[upkeep]
|upkeep
|turn|2
|
|t:|1685840084
|move|p2a: Sneasler|Substitute|p2a: Sneasler
|-start|p2a: Sneasler|Substitute
|-damage|p2a: Sneasler|51/100
|move|p1a: Pelippo|Hurricane|p2a: Sneasler
|-supereffective|p2a: Sneasler
|-crit|p2a: Sneasler
|-end|p2a: Sneasler|Substitute
|
|-weather|RainDance|[upkeep]
|upkeep
|turn|3
|
|t:|1685840094
|move|p2a: Sneasler|Substitute|p2a: Sneasler
|-start|p2a: Sneasler|Substitute
|-damage|p2a: Sneasler|26/100
|move|p1a: Pelippo|Hurricane|p2a: Sneasler
|-supereffective|p2a: Sneasler
|-end|p2a: Sneasler|Substitute
|
|-weather|RainDance|[upkeep]
|upkeep
|turn|4
|
|t:|1685840102
|move|p2a: Sneasler|Substitute|p2a: Sneasler
|-start|p2a: Sneasler|Substitute
|-damage|p2a: Sneasler|1/100
|move|p1a: Pelippo|Hurricane|p2a: Sneasler
|-supereffective|p2a: Sneasler
|-end|p2a: Sneasler|Substitute
|
|-weather|RainDance|[upkeep]
|upkeep
|turn|5
|
|t:|1685840114
|move|p2a: Sneasler|Acrobatics|p1a: Pelippo
|-damage|p1a: Pelippo|71/100
|move|p1a: Pelippo|U-turn|p2a: Sneasler
|-resisted|p2a: Sneasler
|-crit|p2a: Sneasler
|-damage|p2a: Sneasler|0 fnt
|faint|p2a: Sneasler
|
|t:|1685840122
|switch|p1a: Tata|Kleavor, F|100/100|[from] U-turn
|
|-weather|RainDance|[upkeep]
|upkeep
|
|t:|1685840126
|switch|p2a: Walking Wake|Walking Wake|100/100
|-enditem|p2a: Walking Wake|Booster Energy
|-activate|p2a: Walking Wake|ability: Protosynthesis|[fromitem]
|-start|p2a: Walking Wake|protosynthesisspa
|turn|6
|
|t:|1685840133
|move|p2a: Walking Wake|Agility|p2a: Walking Wake
|-boost|p2a: Walking Wake|spe|2
|move|p1a: Tata|Stone Axe|p2a: Walking Wake
|-damage|p2a: Walking Wake|46/100
|-sidestart|p2: hioerfovofd|move: Stealth Rock
|
|-weather|RainDance|[upkeep]
|upkeep
|turn|7
|
|t:|1685840142
|move|p2a: Walking Wake|Hydro Pump|p1a: Tata
|-supereffective|p1a: Tata
|-enditem|p1a: Tata|Focus Sash
|-damage|p1a: Tata|1/100
|move|p1a: Tata|Stone Axe|p2a: Walking Wake
|-damage|p2a: Walking Wake|0 fnt
|faint|p2a: Walking Wake
|-end|p2a: Walking Wake|Protosynthesis|[silent]
|
|-weather|RainDance|[upkeep]
|upkeep
|
|t:|1685840152
|switch|p2a: Zamazenta|Zamazenta, shiny|100/100
|-damage|p2a: Zamazenta|94/100|[from] Stealth Rock
|-ability|p2a: Zamazenta|Dauntless Shield|boost
|-boost|p2a: Zamazenta|def|1
|turn|8
|
|t:|1685840158
|move|p2a: Zamazenta|Crunch|p1a: Tata
|-damage|p1a: Tata|0 fnt
|faint|p1a: Tata
|
|-weather|none
|upkeep
|
|t:|1685840166
|switch|p1a: Pelippo|Pelipper, F|71/100
|-weather|RainDance|[from] ability: Drizzle|[of] p1a: Pelippo
|turn|9
|
|t:|1685840171
|move|p2a: Zamazenta|Crunch|p1a: Pelippo
|-damage|p1a: Pelippo|48/100
|move|p1a: Pelippo|Hurricane|p2a: Zamazenta
|-supereffective|p2a: Zamazenta
|-damage|p2a: Zamazenta|55/100
|
|-weather|RainDance|[upkeep]
|upkeep
|turn|10
|
|t:|1685840179
|move|p2a: Zamazenta|Crunch|p1a: Pelippo
|-damage|p1a: Pelippo|27/100
|move|p1a: Pelippo|Roost|p1a: Pelippo
|-heal|p1a: Pelippo|77/100
|-singleturn|p1a: Pelippo|move: Roost
|
|-weather|RainDance|[upkeep]
|upkeep
|turn|11
|
|t:|1685840189
|switch|p2a: Chien-Pao|Chien-Pao|100/100
|-damage|p2a: Chien-Pao|76/100|[from] Stealth Rock
|-ability|p2a: Chien-Pao|Sword of Ruin
|move|p1a: Pelippo|Hurricane|p2a: Chien-Pao
|-damage|p2a: Chien-Pao|18/100
|
|-weather|RainDance|[upkeep]
|upkeep
|turn|12
|
|t:|1685840200
|-terastallize|p2a: Chien-Pao|Dark
|move|p2a: Chien-Pao|Crunch|p1a: Pelippo
|-damage|p1a: Pelippo|0 fnt
|faint|p1a: Pelippo
|
|-weather|RainDance|[upkeep]
|upkeep
|
|t:|1685840209
|switch|p1a: Basculona|Basculegion-F, F|100/100
|turn|13
|
|t:|1685840217
|switch|p2a: Ursaluna|Ursaluna, M|100/100
|-damage|p2a: Ursaluna|94/100|[from] Stealth Rock
|-terastallize|p1a: Basculona|Water
|move|p1a: Basculona|Surf|p2a: Ursaluna
|-supereffective|p2a: Ursaluna
|-damage|p2a: Ursaluna|0 fnt
|faint|p2a: Ursaluna
|
|-weather|RainDance|[upkeep]
|upkeep
|
|t:|1685840221
|switch|p2a: Chien-Pao|Chien-Pao, tera:Dark|18/100
|-damage|p2a: Chien-Pao|5/100|[from] Stealth Rock
|-ability|p2a: Chien-Pao|Sword of Ruin
|turn|14
|
|t:|1685840233
|switch|p1a: No-hated Lando|Great Tusk|100/100
|move|p2a: Chien-Pao|Sucker Punch||[still]
|-fail|p2a: Chien-Pao
|
|-weather|RainDance|[upkeep]
|upkeep
|turn|15
|
|t:|1685840246
|move|p2a: Chien-Pao|Sucker Punch|p1a: No-hated Lando
|-resisted|p1a: No-hated Lando
|-damage|p1a: No-hated Lando|70/100
|move|p1a: No-hated Lando|Knock Off|p2a: Chien-Pao
|-resisted|p2a: Chien-Pao
|-damage|p2a: Chien-Pao|0 fnt
|-enditem|p2a: Chien-Pao|Choice Band|[from] move: Knock Off|[of] p1a: No-hated Lando
|faint|p2a: Chien-Pao
|
|-weather|RainDance|[upkeep]
|upkeep
|-message|hioerfovofd forfeited.
|
|win|adpg.alt
|raw|adpg.alt's rating: 1180 → 1199(+19 for winning)
|raw|hioerfovofd's rating: 1092 → 1074(-18 for losing)
|l|☆hioerfovofd
