|j|‽jkorn8
|j|☆ITryFunThings
|t:|1685824758
|gametype|singles
|player|p1|jkorn8|101|1523
|player|p2|ITryFunThings|scientistf|1440
|teamsize|p1|6
|teamsize|p2|6
|gen|9
|tier|[Gen 9] OU
|rated|
|rule|Sleep Clause Mod: Limit one foe put to sleep
|rule|Species Clause: Limit one of each Pokémon
|rule|OHKO Clause: OHKO moves are banned
|rule|Evasion Items Clause: Evasion items are banned
|rule|Evasion Moves Clause: Evasion moves are banned
|rule|Endless Battle Clause: Forcing endless battles is banned
|rule|HP Percentage Mod: HP is shown in percentages
|clearpoke
|poke|p1|Torkoal, F|
|poke|p1|Lilligant-Hisui, F|
|poke|p1|Typhlosion-Hisui, M|
|poke|p1|Walking Wake|
|poke|p1|Hatterene, F|
|poke|p1|Great Tusk|
|poke|p2|Glimmora, F|
|poke|p2|Dragapult, F|
|poke|p2|Great Tusk|
|poke|p2|Kingambit, F|
|poke|p2|Azumarill, F|
|poke|p2|Rillaboom, F|
|teampreview
|j| UBGH Ungaboongus
|inactive|Battle timer is ON: inactive players will automatically lose when time's up. (requested by jkorn8)
|
|t:|1685824792
|start
|switch|p1a: Great Tusk|Great Tusk|100/100
|switch|p2a: Dragapult|Dragapult, F|100/100
|turn|1
|inactive|jkorn8 has 120 seconds left.
|inactive|ITryFunThings has 120 seconds left.
|
|t:|1685824838
|move|p2a: Dragapult|Shadow Ball|p1a: Great Tusk
|-damage|p1a: Great Tusk|37/100
|move|p1a: Great Tusk|Bulk Up|p1a: Great Tusk
|-boost|p1a: Great Tusk|atk|1
|-boost|p1a: Great Tusk|def|1
|
|upkeep
|turn|2
|
|t:|1685824861
|-end|p1a: Great Tusk|Protosynthesis|[silent]
|switch|p1a: Torkoal|Torkoal, F|100/100
|-weather|SunnyDay|[from] ability: Drought|[of] p1a: Torkoal
|move|p2a: Dragapult|Shadow Ball|p1a: Torkoal
|-damage|p1a: Torkoal|50/100
|
|-weather|SunnyDay|[upkeep]
|upkeep
|turn|3
|inactive|ITryFunThings has 120 seconds left.
|
|t:|1685824889
|switch|p1a: Hatterene|Hatterene, F|100/100
|move|p2a: Dragapult|Shadow Ball|p1a: Hatterene
|-supereffective|p1a: Hatterene
|-damage|p1a: Hatterene|0 fnt
|faint|p1a: Hatterene
|
|-weather|SunnyDay|[upkeep]
|upkeep
|
|t:|1685824895
|switch|p1a: Typhlosion|Typhlosion-Hisui, M|100/100
|turn|4
|inactive|ITryFunThings has 120 seconds left.
|
|t:|1685824905
|switch|p1a: Lilligant|Lilligant-Hisui, F|100/100
|switch|p2a: Kingambit|Kingambit, F|100/100
|
|-weather|SunnyDay|[upkeep]
|upkeep
|turn|5
|inactive|ITryFunThings has 120 seconds left.
|
|t:|1685824913
|-terastallize|p2a: Kingambit|Fairy
|move|p1a: Lilligant|Close Combat|p2a: Kingambit
|-resisted|p2a: Kingambit
|-damage|p2a: Kingambit|66/100
|-unboost|p1a: Lilligant|def|1
|-unboost|p1a: Lilligant|spd|1
|move|p2a: Kingambit|Tera Blast|p1a: Lilligant
|-supereffective|p1a: Lilligant
|-damage|p1a: Lilligant|0 fnt
|faint|p1a: Lilligant
|
|-weather|SunnyDay|[upkeep]
|upkeep
|
|t:|1685824920
|switch|p1a: Typhlosion|Typhlosion-Hisui, M|100/100
|turn|6
|
|t:|1685824925
|move|p2a: Kingambit|Sucker Punch|p1a: Typhlosion
|-supereffective|p1a: Typhlosion
|-damage|p1a: Typhlosion|0 fnt
|faint|p1a: Typhlosion
|
|-weather|SunnyDay|[upkeep]
|upkeep
|-message|jkorn8 forfeited.
|
|win|ITryFunThings
|raw|jkorn8's rating: 1523 → 1498(-25 for losing)
|raw|ITryFunThings's rating: 1440 → 1465(+25 for winning)
|l|‽jkorn8
