|j|☆I wuv mons ✰
|j|‽Prismai
|t:|1685903189
|gametype|singles
|player|p1|I wuv mons ✰|iono|1392
|player|p2|Prismai|pokemaniac|1440
|teamsize|p1|6
|teamsize|p2|6
|gen|9
|tier|[Gen 9] OU
|rated|
|rule|Sleep Clause Mod: Limit one foe put to sleep
|rule|Species Clause: Limit one of each Pokémon
|rule|OHKO Clause: OHKO moves are banned
|rule|Evasion Items Clause: Evasion items are banned
|rule|Evasion Moves Clause: Evasion moves are banned
|rule|Endless Battle Clause: Forcing endless battles is banned
|rule|HP Percentage Mod: HP is shown in percentages
|clearpoke
|poke|p1|Arcanine-Hisui, M|
|poke|p1|Torkoal, F|
|poke|p1|Lilligant-Hisui, F|
|poke|p1|Walking Wake|
|poke|p1|Great Tusk|
|poke|p1|Hatterene, F|
|poke|p2|Enamorus, F|
|poke|p2|Heatran, M|
|poke|p2|Chien-Pao|
|poke|p2|Corviknight, M|
|poke|p2|Dragapult, F|
|poke|p2|Garchomp, F|
|teampreview
|inactive|Battle timer is ON: inactive players will automatically lose when time's up. (requested by I wuv mons ✰)
|inactive|I wuv mons ✰ has 120 seconds left.
|
|t:|1685903225
|start
|switch|p1a: Arcanine|Arcanine-Hisui, M, shiny|100/100
|switch|p2a: Garchomp|Garchomp, F|100/100
|turn|1
|inactive|Prismai has 120 seconds left.
|
|t:|1685903279
|switch|p1a: Hatterene|Hatterene, F|100/100
|-item|p1a: Hatterene|Air Balloon
|move|p2a: Garchomp|Earthquake|p1a: Hatterene
|-immune|p1a: Hatterene
|
|upkeep
|turn|2
|
|t:|1685903290
|switch|p2a: Heatran|Heatran, M|100/100
|move|p1a: Hatterene|Nuzzle|p2a: Heatran
|-damage|p2a: Heatran|97/100
|-status|p2a: Heatran|par
|
|-heal|p2a: Heatran|100/100 par|[from] item: Leftovers
|upkeep
|turn|3
|
|t:|1685903297
|switch|p1a: Walking Wake|Walking Wake|100/100
|move|p2a: Heatran|Magma Storm|p1a: Walking Wake
|-resisted|p1a: Walking Wake
|-damage|p1a: Walking Wake|88/100
|-activate|p1a: Walking Wake|move: Magma Storm|[of] p2a: Heatran
|
|-damage|p1a: Walking Wake|76/100|[from] move: Magma Storm|[partiallytrapped]
|upkeep
|turn|4
|inactive|Prismai has 120 seconds left.
|
|t:|1685903316
|move|p1a: Walking Wake|Hydro Steam|p2a: Heatran
|-supereffective|p2a: Heatran
|-damage|p2a: Heatran|24/100 par
|cant|p2a: Heatran|par
|
|-heal|p2a: Heatran|31/100 par|[from] item: Leftovers
|-damage|p1a: Walking Wake|63/100|[from] move: Magma Storm|[partiallytrapped]
|upkeep
|turn|5
|
|t:|1685903321
|switch|p2a: Dragapult|Dragapult, F|100/100
|move|p1a: Walking Wake|Hydro Steam|p2a: Dragapult
|-resisted|p2a: Dragapult
|-damage|p2a: Dragapult|57/100
|
|-end|p1a: Walking Wake|Magma Storm|[partiallytrapped]|[silent]
|upkeep
|turn|6
|
|t:|1685903325
|-end|p1a: Walking Wake|Protosynthesis|[silent]
|switch|p1a: Torkoal|Torkoal, F, shiny|100/100
|-weather|SunnyDay|[from] ability: Drought|[of] p1a: Torkoal
|move|p2a: Dragapult|Shadow Ball|p1a: Torkoal
|-damage|p1a: Torkoal|47/100
|
|-weather|SunnyDay|[upkeep]
|upkeep
|turn|7
|
|t:|1685903331
|switch|p1a: Great Tusk|Great Tusk|100/100
|-activate|p1a: Great Tusk|ability: Protosynthesis
|-start|p1a: Great Tusk|protosynthesisatk
|move|p2a: Dragapult|Shadow Ball|p1a: Great Tusk
|-damage|p1a: Great Tusk|51/100
|
|-weather|SunnyDay|[upkeep]
|upkeep
|turn|8
|
|t:|1685903337
|-terastallize|p2a: Dragapult|Ghost
|move|p2a: Dragapult|Shadow Ball|p1a: Great Tusk
|-damage|p1a: Great Tusk|0 fnt
|faint|p1a: Great Tusk
|-end|p1a: Great Tusk|Protosynthesis|[silent]
|
|-weather|SunnyDay|[upkeep]
|upkeep
|
|t:|1685903340
|switch|p1a: Walking Wake|Walking Wake|63/100
|-activate|p1a: Walking Wake|ability: Protosynthesis
|-start|p1a: Walking Wake|protosynthesisspe
|turn|9
|
|t:|1685903345
|switch|p2a: Heatran|Heatran, M|31/100 par
|-terastallize|p1a: Walking Wake|Water
|move|p1a: Walking Wake|Hydro Steam|p2a: Heatran
|-supereffective|p2a: Heatran
|-damage|p2a: Heatran|0 fnt
|faint|p2a: Heatran
|
|-weather|SunnyDay|[upkeep]
|upkeep
|
|t:|1685903353
|switch|p2a: Garchomp|Garchomp, F|100/100
|turn|10
|
|t:|1685903358
|move|p1a: Walking Wake|Hydro Steam|p2a: Garchomp
|-damage|p2a: Garchomp|0 fnt
|faint|p2a: Garchomp
|
|-weather|SunnyDay|[upkeep]
|upkeep
|
|t:|1685903361
|switch|p2a: Chien-Pao|Chien-Pao|100/100
|-ability|p2a: Chien-Pao|Sword of Ruin
|turn|11
|
|t:|1685903362
|move|p2a: Chien-Pao|Ice Shard|p1a: Walking Wake
|-resisted|p1a: Walking Wake
|-damage|p1a: Walking Wake|40/100
|move|p1a: Walking Wake|Hydro Steam|p2a: Chien-Pao
|-damage|p2a: Chien-Pao|0 fnt
|faint|p2a: Chien-Pao
|
|-weather|SunnyDay|[upkeep]
|upkeep
|
|t:|1685903365
|switch|p2a: Enamorus|Enamorus, F|100/100
|turn|12
|
|t:|1685903367
|move|p1a: Walking Wake|Hydro Steam|p2a: Enamorus
|-damage|p2a: Enamorus|0 fnt
|faint|p2a: Enamorus
|
|-weather|SunnyDay|[upkeep]
|upkeep
|
|t:|1685903369
|switch|p2a: Corviknight|Corviknight, M|100/100
|-ability|p2a: Corviknight|Pressure
|turn|13
|
|t:|1685903370
|move|p1a: Walking Wake|Hydro Steam|p2a: Corviknight
|-damage|p2a: Corviknight|0 fnt
|faint|p2a: Corviknight
|
|-weather|none
|-end|p1a: Walking Wake|Protosynthesis
|upkeep
|
|t:|1685903372
|switch|p2a: Dragapult|Dragapult, F, tera:Ghost|57/100
|turn|14
|
|t:|1685903374
|-end|p1a: Walking Wake|Protosynthesis|[silent]
|switch|p1a: Torkoal|Torkoal, F, shiny|47/100
|-weather|SunnyDay|[from] ability: Drought|[of] p1a: Torkoal
|move|p2a: Dragapult|Shadow Ball|p1a: Torkoal
|-damage|p1a: Torkoal|0 fnt
|faint|p1a: Torkoal
|
|-weather|SunnyDay|[upkeep]
|upkeep
|-message|Prismai forfeited.
|
|win|I wuv mons ✰
|raw|I wuv mons ✰'s rating: 1392 → 1415(+23 for winning)
|raw|Prismai's rating: 1440 → 1417(-23 for losing)
|l|‽Prismai
