|j|☆0variez
|j|☆Yakult2Litro
|t:|1685832388
|gametype|singles
|player|p1|0variez|102|1058
|player|p2|Yakult2Litro|fantina|1114
|teamsize|p1|6
|teamsize|p2|6
|gen|9
|tier|[Gen 9] OU
|rated|
|rule|Sleep Clause Mod: Limit one foe put to sleep
|rule|Species Clause: Limit one of each Pokémon
|rule|OHKO Clause: OHKO moves are banned
|rule|Evasion Items Clause: Evasion items are banned
|rule|Evasion Moves Clause: Evasion moves are banned
|rule|Endless Battle Clause: Forcing endless battles is banned
|rule|HP Percentage Mod: HP is shown in percentages
|clearpoke
|poke|p1|Breloom, M|
|poke|p1|Samurott-Hisui, M|
|poke|p1|Articuno|
|poke|p1|Arcanine-Hisui, M|
|poke|p1|Hoopa|
|poke|p1|Iron Treads|
|poke|p2|Hatterene, F|
|poke|p2|Magearna|
|poke|p2|Uxie|
|poke|p2|Ursaluna, F|
|poke|p2|Torkoal, F|
|poke|p2|Braviary-Hisui, M|
|teampreview
|inactive|Battle timer is ON: inactive players will automatically lose when time's up. (requested by 0variez)
|j| memento gaia
|
|t:|1685832395
|start
|switch|p1a: Articuno|Articuno|100/100
|switch|p2a: World|Magearna|100/100
|-ability|p1a: Articuno|Pressure
|turn|1
|
|t:|1685832404
|switch|p1a: Cupcake|Arcanine-Hisui, M|100/100
|move|p2a: World|Trick Room|p2a: World
|-fieldstart|move: Trick Room|[of] p2a: World
|
|upkeep
|turn|2
|
|t:|1685832413
|move|p2a: World|Focus Blast|p1a: Cupcake|[miss]
|-miss|p2a: World|p1a: Cupcake
|move|p1a: Cupcake|Flare Blitz|p2a: World
|-supereffective|p2a: World
|-damage|p2a: World|0 fnt
|faint|p2a: World
|-damage|p1a: Cupcake|91/100|[from] item: Life Orb
|
|upkeep
|c|☆0variez|fuck magerna
|
|t:|1685832424
|switch|p2a: Death|Ursaluna, F, shiny|100/100
|turn|3
|
|t:|1685832443
|switch|p1a: Articuno|Articuno|100/100
|-ability|p1a: Articuno|Pressure
|move|p2a: Death|Headlong Rush|p1a: Articuno
|-immune|p1a: Articuno
|
|-status|p2a: Death|brn|[from] item: Flame Orb
|upkeep
|turn|4
|
|t:|1685832459
|-terastallize|p2a: Death|Normal
|move|p2a: Death|Facade|p1a: Articuno
|-damage|p1a: Articuno|0 fnt
|faint|p1a: Articuno
|
|-damage|p2a: Death|94/100 brn|[from] brn
|upkeep
|
|t:|1685832469
|switch|p1a: D1|Hoopa|100/100
|turn|5
|
|t:|1685832481
|move|p2a: Death|Crunch|p1a: D1
|-supereffective|p1a: D1
|-damage|p1a: D1|0 fnt
|faint|p1a: D1
|
|-damage|p2a: Death|88/100 brn|[from] brn
|-fieldend|move: Trick Room
|upkeep
|
|t:|1685832486
|switch|p1a: Breloom.TTV|Breloom, M, shiny|100/100
|turn|6
|
|t:|1685832493
|switch|p2a: Hermit|Uxie|100/100
|-terastallize|p1a: Breloom.TTV|Water
|move|p1a: Breloom.TTV|Bulk Up|p1a: Breloom.TTV
|-boost|p1a: Breloom.TTV|atk|1
|-boost|p1a: Breloom.TTV|def|1
|
|upkeep
|turn|7
|
|t:|1685832507
|move|p1a: Breloom.TTV|Bullet Seed|p2a: Hermit
|-crit|p2a: Hermit
|-damage|p2a: Hermit|61/100
|-damage|p2a: Hermit|36/100
|-damage|p2a: Hermit|11/100
|-damage|p2a: Hermit|0 fnt
|faint|p2a: Hermit
|-hitcount|p2: Hermit|4
|
|upkeep
|
|t:|1685832516
|switch|p2a: Magician|Hatterene, F, shiny|100/100
|turn|8
|
|t:|1685832527
|move|p1a: Breloom.TTV|Bullet Seed|p2a: Magician
|-damage|p2a: Magician|75/100
|-damage|p2a: Magician|49/100
|-damage|p2a: Magician|25/100
|-damage|p2a: Magician|0 fnt
|faint|p2a: Magician
|-hitcount|p2: Magician|4
|
|upkeep
|
|t:|1685832535
|switch|p2a: Sun|Torkoal, F, shiny|100/100
|-weather|SunnyDay|[from] ability: Drought|[of] p2a: Sun
|turn|9
|
|t:|1685832541
|move|p1a: Breloom.TTV|Aerial Ace|p2a: Sun
|-damage|p2a: Sun|66/100
|move|p2a: Sun|Solar Beam||[still]
|-prepare|p2a: Sun|Solar Beam
|-anim|p2a: Sun|Solar Beam|p1a: Breloom.TTV
|-supereffective|p1a: Breloom.TTV
|-damage|p1a: Breloom.TTV|0 fnt
|faint|p1a: Breloom.TTV
|
|-weather|SunnyDay|[upkeep]
|upkeep
|
|t:|1685832549
|switch|p1a: Samurottski|Samurott-Hisui, M|100/100
|turn|10
|
|t:|1685832568
|move|p1a: Samurottski|Razor Shell|p2a: Sun|[miss]
|-miss|p1a: Samurottski|p2a: Sun
|move|p2a: Sun|Solar Beam||[still]
|-prepare|p2a: Sun|Solar Beam
|-anim|p2a: Sun|Solar Beam|p1a: Samurottski
|-supereffective|p1a: Samurottski
|-damage|p1a: Samurottski|0 fnt
|faint|p1a: Samurottski
|
|-weather|SunnyDay|[upkeep]
|upkeep
|
|t:|1685832579
|switch|p1a: Iron Treads|Iron Treads|100/100
|turn|11
|
|t:|1685832584
|switch|p2a: Hanged Man|Braviary-Hisui, M, shiny|100/100
|move|p1a: Iron Treads|Earthquake|p2a: Hanged Man
|-immune|p2a: Hanged Man
|
|-weather|SunnyDay|[upkeep]
|upkeep
|turn|12
|
|t:|1685832589
|move|p1a: Iron Treads|Volt Switch|p2a: Hanged Man
|-supereffective|p2a: Hanged Man
|-damage|p2a: Hanged Man|76/100
|
|t:|1685832591
|-end|p1a: Iron Treads|Quark Drive|[silent]
|switch|p1a: Cupcake|Arcanine-Hisui, M|91/100|[from] Volt Switch
|move|p2a: Hanged Man|Heat Wave|p1a: Cupcake
|-resisted|p1a: Cupcake
|-crit|p1a: Cupcake
|-damage|p1a: Cupcake|54/100
|
|-weather|SunnyDay|[upkeep]
|upkeep
|turn|13
|
|t:|1685832599
|move|p1a: Cupcake|Morning Sun|p1a: Cupcake
|-heal|p1a: Cupcake|100/100
|move|p2a: Hanged Man|Psychic|p1a: Cupcake
|-damage|p1a: Cupcake|3/100
|
|-weather|none
|upkeep
|turn|14
|
|t:|1685832604
|move|p1a: Cupcake|Head Smash|p2a: Hanged Man
|-supereffective|p2a: Hanged Man
|-damage|p2a: Hanged Man|0 fnt
|faint|p2a: Hanged Man
|-damage|p1a: Cupcake|0 fnt|[from] item: Life Orb
|faint|p1a: Cupcake
|
|upkeep
|
|t:|1685832608
|switch|p1a: Iron Treads|Iron Treads|100/100
|switch|p2a: Death|Ursaluna, F, shiny, tera:Normal|88/100 brn
|turn|15
|
|t:|1685832615
|move|p1a: Iron Treads|Earthquake|p2a: Death
|-damage|p2a: Death|56/100 brn
|move|p2a: Death|Headlong Rush|p1a: Iron Treads
|-supereffective|p1a: Iron Treads
|-damage|p1a: Iron Treads|0 fnt
|-unboost|p2a: Death|def|1
|-unboost|p2a: Death|spd|1
|faint|p1a: Iron Treads
|-end|p1a: Iron Treads|Quark Drive|[silent]
|
|win|Yakult2Litro
|raw|0variez's rating: 1058 → 1042(-16 for losing)
|raw|Yakult2Litro's rating: 1114 → 1135(+21 for winning)
