|j|☆caju_the_kashuu
|j|☆KEES1235
|t:|1685837020
|gametype|singles
|player|p1|caju_the_kashuu|ingo|1299
|player|p2|KEES1235|giovanni|1341
|teamsize|p1|6
|teamsize|p2|6
|gen|9
|tier|[Gen 9] OU
|rated|
|rule|Sleep Clause Mod: Limit one foe put to sleep
|rule|Species Clause: Limit one of each Pokémon
|rule|OHKO Clause: OHKO moves are banned
|rule|Evasion Items Clause: Evasion items are banned
|rule|Evasion Moves Clause: Evasion moves are banned
|rule|Endless Battle Clause: Forcing endless battles is banned
|rule|HP Percentage Mod: HP is shown in percentages
|clearpoke
|poke|p1|Samurott-Hisui, M|
|poke|p1|Corviknight, F|
|poke|p1|Meowscarada, F|
|poke|p1|Heatran, F|
|poke|p1|Landorus-Therian, M|
|poke|p1|Dragapult, F|
|poke|p2|Arcanine-Hisui, F|
|poke|p2|Moltres|
|poke|p2|Zamazenta-*|
|poke|p2|Samurott-Hisui, M|
|poke|p2|Dragapult, F|
|poke|p2|Overqwil, M|
|teampreview
|inactive|Battle timer is ON: inactive players will automatically lose when time's up. (requested by KEES1235)
|
|t:|1685837031
|start
|switch|p1a: Meowscarada|Meowscarada, F|100/100
|switch|p2a: Samurott|Samurott-Hisui, M|100/100
|turn|1
|
|t:|1685837043
|switch|p2a: Overqwil|Overqwil, M|100/100
|-ability|p2a: Overqwil|Intimidate|boost
|-unboost|p1a: Meowscarada|atk|1
|move|p1a: Meowscarada|U-turn|p2a: Overqwil
|-start|p1a: Meowscarada|typechange|Bug|[from] ability: Protean
|-damage|p2a: Overqwil|76/100
|
|t:|1685837051
|switch|p1a: Landorus|Landorus-Therian, M|100/100|[from] U-turn
|-ability|p1a: Landorus|Intimidate|boost
|-unboost|p2a: Overqwil|atk|1
|
|upkeep
|turn|2
|
|t:|1685837066
|-terastallize|p2a: Overqwil|Water
|move|p2a: Overqwil|Liquidation|p1a: Landorus
|-supereffective|p1a: Landorus
|-damage|p1a: Landorus|19/100
|-unboost|p1a: Landorus|def|1
|move|p1a: Landorus|Earthquake|p2a: Overqwil
|-damage|p2a: Overqwil|18/100
|
|-heal|p1a: Landorus|25/100|[from] item: Leftovers
|upkeep
|turn|3
|
|t:|1685837076
|switch|p1a: Samurott|Samurott-Hisui, M|100/100
|move|p2a: Overqwil|Liquidation|p1a: Samurott
|-resisted|p1a: Samurott
|-damage|p1a: Samurott|75/100
|
|upkeep
|turn|4
|
|t:|1685837089
|move|p2a: Overqwil|Liquidation|p1a: Samurott
|-resisted|p1a: Samurott
|-damage|p1a: Samurott|49/100
|move|p1a: Samurott|Ceaseless Edge|p2a: Overqwil
|-damage|p2a: Overqwil|0 fnt
|-sidestart|p2: KEES1235|Spikes
|faint|p2a: Overqwil
|
|upkeep
|
|t:|1685837092
|switch|p2a: Samurott|Samurott-Hisui, M|100/100
|-damage|p2a: Samurott|88/100|[from] Spikes
|turn|5
|
|t:|1685837096
|-terastallize|p1a: Samurott|Fairy
|move|p2a: Samurott|X-Scissor|p1a: Samurott
|-resisted|p1a: Samurott
|-damage|p1a: Samurott|18/100
|-damage|p2a: Samurott|78/100|[from] item: Life Orb
|move|p1a: Samurott|Sacred Sword|p2a: Samurott
|-supereffective|p2a: Samurott
|-damage|p2a: Samurott|0 fnt
|faint|p2a: Samurott
|
|upkeep
|
|t:|1685837105
|switch|p2a: Moltres|Moltres|100/100
|turn|6
|
|t:|1685837118
|move|p2a: Moltres|Ancient Power|p1a: Samurott
|-damage|p1a: Samurott|0 fnt
|faint|p1a: Samurott
|
|upkeep
|
|t:|1685837126
|switch|p1a: Heatran|Heatran, F|100/100
|turn|7
|
|t:|1685837137
|move|p1a: Heatran|Power Gem|p2a: Moltres
|-supereffective|p2a: Moltres
|-damage|p2a: Moltres|0 fnt
|faint|p2a: Moltres
|
|upkeep
|
|t:|1685837141
|switch|p2a: Arcanine|Arcanine-Hisui, F|100/100
|-damage|p2a: Arcanine|88/100|[from] Spikes
|turn|8
|
|t:|1685837147
|switch|p1a: Landorus|Landorus-Therian, M|25/100
|-ability|p1a: Landorus|Intimidate|boost
|-unboost|p2a: Arcanine|atk|1
|move|p2a: Arcanine|Head Smash|p1a: Landorus
|-damage|p1a: Landorus|0 fnt
|faint|p1a: Landorus
|
|upkeep
|
|t:|1685837157
|switch|p1a: Meowscarada|Meowscarada, F|100/100
|turn|9
|
|t:|1685837165
|switch|p2a: Zamazenta|Zamazenta-Crowned|100/100
|-damage|p2a: Zamazenta|88/100|[from] Spikes
|-ability|p2a: Zamazenta|Dauntless Shield|boost
|-boost|p2a: Zamazenta|def|1
|move|p1a: Meowscarada|Knock Off|p2a: Zamazenta
|-start|p1a: Meowscarada|typechange|Dark|[from] ability: Protean
|-resisted|p2a: Zamazenta
|-damage|p2a: Zamazenta|81/100
|
|upkeep
|turn|10
|
|t:|1685837174
|switch|p1a: Corviknight|Corviknight, F|100/100
|-ability|p1a: Corviknight|Pressure
|move|p2a: Zamazenta|Iron Defense|p2a: Zamazenta
|-boost|p2a: Zamazenta|def|2
|
|upkeep
|turn|11
|
|t:|1685837180
|move|p2a: Zamazenta|Wild Charge|p1a: Corviknight
|-supereffective|p1a: Corviknight
|-damage|p1a: Corviknight|62/100
|-damage|p2a: Zamazenta|71/100|[from] Recoil
|move|p1a: Corviknight|Body Press|p2a: Zamazenta
|-supereffective|p2a: Zamazenta
|-damage|p2a: Zamazenta|57/100
|
|-heal|p1a: Corviknight|69/100|[from] item: Leftovers
|upkeep
|turn|12
|
|t:|1685837186
|move|p2a: Zamazenta|Body Press|p1a: Corviknight
|-damage|p1a: Corviknight|17/100
|move|p1a: Corviknight|Body Press|p2a: Zamazenta
|-supereffective|p2a: Zamazenta
|-damage|p2a: Zamazenta|44/100
|
|-heal|p1a: Corviknight|23/100|[from] item: Leftovers
|upkeep
|turn|13
|
|t:|1685837193
|move|p2a: Zamazenta|Body Press|p1a: Corviknight
|-damage|p1a: Corviknight|0 fnt
|faint|p1a: Corviknight
|
|upkeep
|
|t:|1685837197
|switch|p1a: Heatran|Heatran, F|100/100
|turn|14
|
|t:|1685837205
|move|p1a: Heatran|Earth Power|p2a: Zamazenta
|-supereffective|p2a: Zamazenta
|-damage|p2a: Zamazenta|0 fnt
|faint|p2a: Zamazenta
|
|upkeep
|
|t:|1685837208
|switch|p2a: Dragapult|Dragapult, F|100/100
|-damage|p2a: Dragapult|88/100|[from] Spikes
|turn|15
|
|t:|1685837214
|switch|p1a: Meowscarada|Meowscarada, F|100/100
|move|p2a: Dragapult|Surf|p1a: Meowscarada
|-resisted|p1a: Meowscarada
|-damage|p1a: Meowscarada|71/100
|
|upkeep
|turn|16
|
|t:|1685837217
|switch|p2a: Arcanine|Arcanine-Hisui, F|88/100
|-damage|p2a: Arcanine|76/100|[from] Spikes
|move|p1a: Meowscarada|Knock Off|p2a: Arcanine
|-start|p1a: Meowscarada|typechange|Dark|[from] ability: Protean
|-damage|p2a: Arcanine|25/100
|-enditem|p2a: Arcanine|Choice Band|[from] move: Knock Off|[of] p1a: Meowscarada
|
|upkeep
|turn|17
|
|t:|1685837223
|switch|p1a: Heatran|Heatran, F|100/100
|move|p2a: Arcanine|Extreme Speed|p1a: Heatran
|-resisted|p1a: Heatran
|-damage|p1a: Heatran|87/100
|
|upkeep
|turn|18
|
|t:|1685837230
|move|p1a: Heatran|Earth Power|p2a: Arcanine
|-supereffective|p2a: Arcanine
|-damage|p2a: Arcanine|0 fnt
|faint|p2a: Arcanine
|
|upkeep
|
|t:|1685837231
|switch|p2a: Dragapult|Dragapult, F|88/100
|-damage|p2a: Dragapult|76/100|[from] Spikes
|turn|19
|
|t:|1685837235
|move|p2a: Dragapult|Shadow Ball|p1a: Heatran
|-damage|p1a: Heatran|40/100
|move|p1a: Heatran|Earth Power|p2a: Dragapult
|-damage|p2a: Dragapult|34/100
|
|upkeep
|turn|20
|
|t:|1685837238
|move|p2a: Dragapult|Shadow Ball|p1a: Heatran
|-damage|p1a: Heatran|0 fnt
|faint|p1a: Heatran
|
|upkeep
|
|t:|1685837240
|switch|p1a: Dragapult|Dragapult, F|100/100
|turn|21
|
|t:|1685837242
|move|p2a: Dragapult|Shadow Ball|p1a: Dragapult
|-supereffective|p1a: Dragapult
|-damage|p1a: Dragapult|0 fnt
|faint|p1a: Dragapult
|
|upkeep
|
|t:|1685837244
|switch|p1a: Meowscarada|Meowscarada, F|71/100
|turn|22
|
|t:|1685837247
|move|p1a: Meowscarada|Knock Off|p2a: Dragapult
|-start|p1a: Meowscarada|typechange|Dark|[from] ability: Protean
|-supereffective|p2a: Dragapult
|-crit|p2a: Dragapult
|-damage|p2a: Dragapult|0 fnt
|-enditem|p2a: Dragapult|Choice Specs|[from] move: Knock Off|[of] p1a: Meowscarada
|faint|p2a: Dragapult
|
|win|caju_the_kashuu
|raw|caju_the_kashuu's rating: 1299 → 1327(+28 for winning)
|raw|KEES1235's rating: 1341 → 1319(-22 for losing)
|l|☆KEES1235
