|j|☆Litesratures
|j|☆ojulyj
|t:|1685877172
|gametype|singles
|player|p1|Litesratures|pokekid|1090
|player|p2|ojulyj|will-gen2|1057
|teamsize|p1|6
|teamsize|p2|6
|gen|9
|tier|[Gen 9] OU
|rated|
|rule|Sleep Clause Mod: Limit one foe put to sleep
|rule|Species Clause: Limit one of each Pokémon
|rule|OHKO Clause: OHKO moves are banned
|rule|Evasion Items Clause: Evasion items are banned
|rule|Evasion Moves Clause: Evasion moves are banned
|rule|Endless Battle Clause: Forcing endless battles is banned
|rule|HP Percentage Mod: HP is shown in percentages
|clearpoke
|poke|p1|Gholdengo|
|poke|p1|Dragapult, F|
|poke|p1|Baxcalibur, M|
|poke|p1|Iron Moth|
|poke|p1|Moltres-Galar|
|poke|p1|Great Tusk|
|poke|p2|Great Tusk|
|poke|p2|Torkoal, F|
|poke|p2|Typhlosion, M|
|poke|p2|Clodsire, F|
|poke|p2|Roaring Moon|
|poke|p2|Dragapult, F|
|teampreview
|
|t:|1685877179
|start
|switch|p1a: Great Tusk|Great Tusk|100/100
|switch|p2a: Torkoal|Torkoal, F|100/100
|-weather|SunnyDay|[from] ability: Drought|[of] p2a: Torkoal
|-activate|p1a: Great Tusk|ability: Protosynthesis
|-start|p1a: Great Tusk|protosynthesisdef
|turn|1
|inactive|Battle timer is ON: inactive players will automatically lose when time's up. (requested by ojulyj)
|
|t:|1685877192
|move|p1a: Great Tusk|Stealth Rock|p2a: Torkoal
|-sidestart|p2: ojulyj|move: Stealth Rock
|move|p2a: Torkoal|Will-O-Wisp|p1a: Great Tusk|[miss]
|-miss|p2a: Torkoal|p1a: Great Tusk
|
|-weather|SunnyDay|[upkeep]
|upkeep
|turn|2
|
|t:|1685877198
|move|p1a: Great Tusk|Earthquake|p2a: Torkoal
|-supereffective|p2a: Torkoal
|-damage|p2a: Torkoal|54/100
|move|p2a: Torkoal|Will-O-Wisp|p1a: Great Tusk
|-status|p1a: Great Tusk|brn
|
|-weather|SunnyDay|[upkeep]
|-damage|p1a: Great Tusk|94/100 brn|[from] brn
|upkeep
|turn|3
|
|t:|1685877215
|-end|p1a: Great Tusk|Protosynthesis|[silent]
|switch|p1a: Iron Moth|Iron Moth|100/100
|-enditem|p1a: Iron Moth|Booster Energy
|-activate|p1a: Iron Moth|ability: Quark Drive|[fromitem]
|-start|p1a: Iron Moth|quarkdrivespa
|move|p2a: Torkoal|Rapid Spin|p1a: Iron Moth
|-damage|p1a: Iron Moth|84/100
|-boost|p2a: Torkoal|spe|1
|-sideend|p2: ojulyj|Stealth Rock|[from] move: Rapid Spin|[of] p2a: Torkoal
|
|-weather|SunnyDay|[upkeep]
|upkeep
|turn|4
|
|t:|1685877233
|switch|p2a: Clodsire|Clodsire, F|100/100
|move|p1a: Iron Moth|Sludge Wave|p2a: Clodsire
|-resisted|p2a: Clodsire
|-damage|p2a: Clodsire|92/100
|
|-weather|SunnyDay|[upkeep]
|-heal|p2a: Clodsire|98/100|[from] item: Black Sludge
|upkeep
|turn|5
|
|t:|1685877245
|-end|p1a: Iron Moth|Quark Drive|[silent]
|switch|p1a: Great Tusk|Great Tusk|94/100 brn
|-activate|p1a: Great Tusk|ability: Protosynthesis
|-start|p1a: Great Tusk|protosynthesisdef
|move|p2a: Clodsire|Earthquake|p1a: Great Tusk
|-damage|p1a: Great Tusk|84/100 brn
|
|-weather|SunnyDay|[upkeep]
|-heal|p1a: Great Tusk|91/100 brn|[from] item: Leftovers
|-heal|p2a: Clodsire|100/100|[from] item: Black Sludge
|-damage|p1a: Great Tusk|84/100 brn|[from] brn
|upkeep
|turn|6
|inactive|ojulyj has 120 seconds left.
|
|t:|1685877283
|switch|p2a: Dragapult|Dragapult, F|100/100
|move|p1a: Great Tusk|Earthquake|p2a: Dragapult
|-damage|p2a: Dragapult|75/100
|
|-weather|SunnyDay|[upkeep]
|-heal|p1a: Great Tusk|91/100 brn|[from] item: Leftovers
|-damage|p1a: Great Tusk|84/100 brn|[from] brn
|upkeep
|turn|7
|inactive|ojulyj has 120 seconds left.
|
|t:|1685877295
|move|p2a: Dragapult|Reflect|p2a: Dragapult
|-sidestart|p2: ojulyj|Reflect
|move|p1a: Great Tusk|Stealth Rock|p2a: Dragapult
|-sidestart|p2: ojulyj|move: Stealth Rock
|
|-weather|SunnyDay|[upkeep]
|-heal|p1a: Great Tusk|91/100 brn|[from] item: Leftovers
|-damage|p1a: Great Tusk|84/100 brn|[from] brn
|upkeep
|turn|8
|
|t:|1685877314
|-end|p1a: Great Tusk|Protosynthesis|[silent]
|switch|p1a: Iron Moth|Iron Moth|84/100
|move|p2a: Dragapult|Light Screen|p2a: Dragapult
|-sidestart|p2: ojulyj|move: Light Screen
|
|-weather|none
|upkeep
|turn|9
|
|t:|1685877321
|switch|p2a: Torkoal|Torkoal, F|54/100
|-damage|p2a: Torkoal|30/100|[from] Stealth Rock
|-weather|SunnyDay|[from] ability: Drought|[of] p2a: Torkoal
|move|p1a: Iron Moth|Toxic Spikes|p2a: Torkoal
|-sidestart|p2: ojulyj|move: Toxic Spikes
|
|-weather|SunnyDay|[upkeep]
|upkeep
|turn|10
|
|t:|1685877330
|move|p1a: Iron Moth|Sludge Wave|p2a: Torkoal
|-damage|p2a: Torkoal|0 fnt
|faint|p2a: Torkoal
|
|-weather|SunnyDay|[upkeep]
|upkeep
|
|t:|1685877337
|switch|p2a: Clodsire|Clodsire, F|100/100
|-damage|p2a: Clodsire|94/100|[from] Stealth Rock
|-sideend|p2: ojulyj|move: Toxic Spikes|[of] p2a: Clodsire
|turn|11
|
|t:|1685877343
|move|p1a: Iron Moth|U-turn|p2a: Clodsire
|-resisted|p2a: Clodsire
|-damage|p2a: Clodsire|92/100
|
|t:|1685877348
|-end|p1a: Iron Moth|Quark Drive|[silent]
|switch|p1a: Great Tusk|Great Tusk|84/100 brn|[from] U-turn
|-activate|p1a: Great Tusk|ability: Protosynthesis
|-start|p1a: Great Tusk|protosynthesisdef
|move|p2a: Clodsire|Earthquake|p1a: Great Tusk
|-damage|p1a: Great Tusk|74/100 brn
|
|-weather|SunnyDay|[upkeep]
|-heal|p1a: Great Tusk|80/100 brn|[from] item: Leftovers
|-heal|p2a: Clodsire|98/100|[from] item: Black Sludge
|-damage|p1a: Great Tusk|74/100 brn|[from] brn
|upkeep
|turn|12
|
|t:|1685877365
|switch|p2a: Great Tusk|Great Tusk|100/100
|-damage|p2a: Great Tusk|97/100|[from] Stealth Rock
|-activate|p2a: Great Tusk|ability: Protosynthesis
|-start|p2a: Great Tusk|protosynthesisdef
|move|p1a: Great Tusk|Earthquake|p2a: Great Tusk
|-damage|p2a: Great Tusk|93/100
|
|-weather|SunnyDay|[upkeep]
|-heal|p1a: Great Tusk|80/100 brn|[from] item: Leftovers
|-damage|p1a: Great Tusk|74/100 brn|[from] brn
|upkeep
|turn|13
|inactive|Litesratures has 120 seconds left.
|
|t:|1685877391
|-end|p1a: Great Tusk|Protosynthesis|[silent]
|switch|p1a: Moltres|Moltres-Galar|100/100
|move|p2a: Great Tusk|Rapid Spin|p1a: Moltres
|-damage|p1a: Moltres|81/100
|-boost|p2a: Great Tusk|spe|1
|-sideend|p2: ojulyj|Stealth Rock|[from] move: Rapid Spin|[of] p2a: Great Tusk
|
|-weather|SunnyDay|[upkeep]
|upkeep
|turn|14
|inactive|Litesratures has 120 seconds left.
|
|t:|1685877412
|move|p2a: Great Tusk|Ice Spinner|p1a: Moltres
|-supereffective|p1a: Moltres
|-damage|p1a: Moltres|21/100
|-ability|p1a: Moltres|Berserk|boost
|-boost|p1a: Moltres|spa|1
|move|p1a: Moltres|U-turn|p2a: Great Tusk
|-resisted|p2a: Great Tusk
|-damage|p2a: Great Tusk|92/100
|-damage|p1a: Moltres|5/100|[from] item: Rocky Helmet|[of] p2a: Great Tusk
|
|t:|1685877423
|switch|p1a: Iron Moth|Iron Moth|84/100|[from] U-turn
|
|-weather|SunnyDay|[upkeep]
|-sideend|p2: ojulyj|Reflect
|upkeep
|turn|15
|
|t:|1685877436
|move|p1a: Iron Moth|Sludge Wave|p2a: Great Tusk
|-resisted|p2a: Great Tusk
|-damage|p2a: Great Tusk|75/100
|move|p2a: Great Tusk|Earthquake|p1a: Iron Moth
|-supereffective|p1a: Iron Moth
|-damage|p1a: Iron Moth|0 fnt
|faint|p1a: Iron Moth
|-end|p1a: Iron Moth|Quark Drive|[silent]
|
|-weather|SunnyDay|[upkeep]
|-sideend|p2: ojulyj|move: Light Screen
|upkeep
|
|t:|1685877449
|switch|p1a: Dragapult|Dragapult, F|100/100
|turn|16
|
|t:|1685877473
|move|p1a: Dragapult|Draco Meteor|p2a: Great Tusk
|-damage|p2a: Great Tusk|0 fnt
|-unboost|p1a: Dragapult|spa|2
|faint|p2a: Great Tusk
|-end|p2a: Great Tusk|Protosynthesis|[silent]
|
|-weather|none
|upkeep
|inactive|ojulyj has 120 seconds left.
|inactive|ojulyj has 90 seconds left.
|
|t:|1685877524
|switch|p2a: Roaring Moon|Roaring Moon|100/100
|turn|17
|inactive|Litesratures has 120 seconds left.
|inactive|ojulyj has 90 seconds left.
|
|t:|1685877537
|switch|p1a: Great Tusk|Great Tusk|74/100 brn
|move|p2a: Roaring Moon|Crunch|p1a: Great Tusk
|-resisted|p1a: Great Tusk
|-damage|p1a: Great Tusk|60/100 brn
|
|-heal|p1a: Great Tusk|66/100 brn|[from] item: Leftovers
|-damage|p1a: Great Tusk|60/100 brn|[from] brn
|upkeep
|turn|18
|inactive|Litesratures has 120 seconds left.
|inactive|ojulyj has 90 seconds left.
|
|t:|1685877560
|-end|p2a: Roaring Moon|Protosynthesis|[silent]
|switch|p2a: Dragapult|Dragapult, F|75/100
|move|p1a: Great Tusk|Stealth Rock|p2a: Dragapult
|-sidestart|p2: ojulyj|move: Stealth Rock
|
|-heal|p1a: Great Tusk|66/100 brn|[from] item: Leftovers
|-damage|p1a: Great Tusk|60/100 brn|[from] brn
|upkeep
|turn|19
|inactive|Litesratures has 120 seconds left.
|
|t:|1685877573
|move|p2a: Dragapult|Hex|p1a: Great Tusk
|-damage|p1a: Great Tusk|0 fnt
|faint|p1a: Great Tusk
|-end|p1a: Great Tusk|Protosynthesis|[silent]
|
|upkeep
|
|t:|1685877578
|switch|p1a: Baxcalibur|Baxcalibur, M|100/100
|turn|20
|
|t:|1685877584
|move|p1a: Baxcalibur|Ice Shard|p2a: Dragapult
|-supereffective|p2a: Dragapult
|-damage|p2a: Dragapult|9/100
|move|p2a: Dragapult|Reflect|p2a: Dragapult
|-sidestart|p2: ojulyj|Reflect
|
|upkeep
|turn|21
|
|t:|1685877588
|move|p1a: Baxcalibur|Ice Shard|p2a: Dragapult
|-supereffective|p2a: Dragapult
|-damage|p2a: Dragapult|0 fnt
|faint|p2a: Dragapult
|
|upkeep
|
|t:|1685877600
|switch|p2a: Clodsire|Clodsire, F|98/100
|-damage|p2a: Clodsire|92/100|[from] Stealth Rock
|turn|22
|
|t:|1685877607
|move|p1a: Baxcalibur|Dragon Dance|p1a: Baxcalibur
|-boost|p1a: Baxcalibur|atk|1
|-boost|p1a: Baxcalibur|spe|1
|move|p2a: Clodsire|Earthquake|p1a: Baxcalibur
|-damage|p1a: Baxcalibur|71/100
|
|-heal|p1a: Baxcalibur|77/100|[from] item: Leftovers
|-heal|p2a: Clodsire|98/100|[from] item: Black Sludge
|upkeep
|turn|23
|
|t:|1685877623
|move|p1a: Baxcalibur|Earthquake|p2a: Clodsire
|-supereffective|p2a: Clodsire
|-damage|p2a: Clodsire|35/100
|move|p2a: Clodsire|Haze|p2a: Clodsire
|-clearallboost
|
|-heal|p1a: Baxcalibur|84/100|[from] item: Leftovers
|-heal|p2a: Clodsire|41/100|[from] item: Black Sludge
|upkeep
|turn|24
|-message|ojulyj forfeited.
|
|win|Litesratures
|raw|Litesratures's rating: 1090 → 1114(+24 for winning)
|raw|ojulyj's rating: 1057 → 1040(-17 for losing)
|l|☆ojulyj
