|j|☆iKwall25
|j|☆Hyuyu
|t:|1685845288
|gametype|singles
|player|p1|iKwall25|brawly|1279
|player|p2|Hyuyu|caitlin-gen4|1333
|teamsize|p1|6
|teamsize|p2|6
|gen|9
|tier|[Gen 9] OU
|rated|
|rule|Sleep Clause Mod: Limit one foe put to sleep
|rule|Species Clause: Limit one of each Pokémon
|rule|OHKO Clause: OHKO moves are banned
|rule|Evasion Items Clause: Evasion items are banned
|rule|Evasion Moves Clause: Evasion moves are banned
|rule|Endless Battle Clause: Forcing endless battles is banned
|rule|HP Percentage Mod: HP is shown in percentages
|clearpoke
|poke|p1|Baxcalibur, F|
|poke|p1|Thundurus-Therian, M|
|poke|p1|Basculegion-F, F|
|poke|p1|Overqwil, F|
|poke|p1|Pelipper, M|
|poke|p1|Great Tusk|
|poke|p2|Delphox, F|
|poke|p2|Lilligant-Hisui, F|
|poke|p2|Chien-Pao|
|poke|p2|Clodsire, M|
|poke|p2|Corviknight, M|
|poke|p2|Azelf|
|teampreview
|
|t:|1685845301
|start
|switch|p1a: Pelipper|Pelipper, M|100/100
|switch|p2a: Azelf|Azelf|100/100
|-weather|RainDance|[from] ability: Drizzle|[of] p1a: Pelipper
|turn|1
|
|t:|1685845304
|move|p2a: Azelf|Stealth Rock|p1a: Pelipper
|-sidestart|p1: iKwall25|move: Stealth Rock
|move|p1a: Pelipper|U-turn|p2a: Azelf
|-supereffective|p2a: Azelf
|-damage|p2a: Azelf|71/100
|
|t:|1685845312
|switch|p1a: Overqwil|Overqwil, F|100/100|[from] U-turn
|-damage|p1a: Overqwil|88/100|[from] Stealth Rock
|
|-weather|RainDance|[upkeep]
|upkeep
|turn|2
|
|t:|1685845320
|switch|p2a: Lilligant|Lilligant-Hisui, F, shiny|100/100
|move|p1a: Overqwil|Crunch|p2a: Lilligant
|-resisted|p2a: Lilligant
|-damage|p2a: Lilligant|57/100
|
|-weather|RainDance|[upkeep]
|upkeep
|turn|3
|
|t:|1685845326
|move|p1a: Overqwil|Crunch|p2a: Lilligant
|-resisted|p2a: Lilligant
|-damage|p2a: Lilligant|13/100
|-unboost|p2a: Lilligant|def|1
|move|p2a: Lilligant|Seed Bomb|p1a: Overqwil
|-resisted|p1a: Overqwil
|-damage|p1a: Overqwil|56/100
|
|-weather|RainDance|[upkeep]
|upkeep
|turn|4
|c|☆Hyuyu|i thought it was water type
|
|t:|1685845352
|move|p1a: Overqwil|Crunch|p2a: Lilligant
|-resisted|p2a: Lilligant
|-crit|p2a: Lilligant
|-damage|p2a: Lilligant|0 fnt
|faint|p2a: Lilligant
|
|-weather|RainDance|[upkeep]
|upkeep
|
|t:|1685845364
|switch|p2a: Chien-Pao|Chien-Pao|100/100
|-ability|p2a: Chien-Pao|Sword of Ruin
|turn|5
|c|☆iKwall25|i can see it being water
|c|☆iKwall25|since qwilfish was water poison
|
|t:|1685845380
|move|p1a: Overqwil|Crunch|p2a: Chien-Pao
|-resisted|p2a: Chien-Pao
|-damage|p2a: Chien-Pao|62/100
|move|p2a: Chien-Pao|Icicle Crash|p1a: Overqwil
|-damage|p1a: Overqwil|0 fnt
|faint|p1a: Overqwil
|
|-weather|RainDance|[upkeep]
|upkeep
|
|t:|1685845383
|switch|p1a: Basculegion|Basculegion-F, F|100/100
|-damage|p1a: Basculegion|88/100|[from] Stealth Rock
|turn|6
|
|t:|1685845414
|switch|p2a: Corviknight|Corviknight, M|100/100
|-terastallize|p1a: Basculegion|Water
|move|p1a: Basculegion|Surf|p2a: Corviknight
|-damage|p2a: Corviknight|0 fnt
|faint|p2a: Corviknight
|
|-weather|RainDance|[upkeep]
|upkeep
|c|☆Hyuyu|bruh i thought it was the male one
|
|t:|1685845432
|switch|p2a: Clodsire|Clodsire, M|100/100
|turn|7
|c|☆Hyuyu|i shall go to sleep
|-message|Hyuyu forfeited.
|
|win|iKwall25
|raw|iKwall25's rating: 1279 → 1308(+29 for winning)
|raw|Hyuyu's rating: 1333 → 1310(-23 for losing)
|l|☆Hyuyu
|c|☆iKwall25|:skull:
