|j|☆foreignbaba
|j|☆Noctal213
|t:|1685920201
|gametype|singles
|player|p1|foreignbaba|170|1005
|player|p2|Noctal213|marlon|1100
|teamsize|p1|6
|teamsize|p2|6
|gen|9
|tier|[Gen 9] OU
|rated|
|rule|Sleep Clause Mod: Limit one foe put to sleep
|rule|Species Clause: Limit one of each Pokémon
|rule|OHKO Clause: OHKO moves are banned
|rule|Evasion Items Clause: Evasion items are banned
|rule|Evasion Moves Clause: Evasion moves are banned
|rule|Endless Battle Clause: Forcing endless battles is banned
|rule|HP Percentage Mod: HP is shown in percentages
|clearpoke
|poke|p1|Zamazenta-*|
|poke|p1|Dragonite, F|
|poke|p1|Great Tusk|
|poke|p1|Houndstone, M|
|poke|p1|Roaring Moon|
|poke|p1|Ceruledge, M|
|poke|p2|Gholdengo|
|poke|p2|Glimmora, F|
|poke|p2|Great Tusk|
|poke|p2|Chien-Pao|
|poke|p2|Volcarona, F|
|poke|p2|Clodsire, M|
|teampreview
|inactive|Battle timer is ON: inactive players will automatically lose when time's up. (requested by Noctal213)
|
|t:|1685920204
|start
|switch|p1a: Ceruledge|Ceruledge, M|100/100
|switch|p2a: clitorine|Glimmora, F|100/100
|turn|1
|
|t:|1685920214
|move|p2a: clitorine|Stealth Rock|p1a: Ceruledge
|-sidestart|p1: foreignbaba|move: Stealth Rock
|move|p1a: Ceruledge|Bitter Blade|p2a: clitorine
|-resisted|p2a: clitorine
|-damage|p2a: clitorine|78/100
|-activate|p2a: clitorine|ability: Toxic Debris
|-sidestart|p1: foreignbaba|move: Toxic Spikes
|
|upkeep
|turn|2
|inactive|foreignbaba has 120 seconds left.
|inactive|foreignbaba has 90 seconds left.
|inactive|foreignbaba has 60 seconds left.
|
|t:|1685920310
|move|p2a: clitorine|Earth Power|p1a: Ceruledge
|-supereffective|p1a: Ceruledge
|-damage|p1a: Ceruledge|36/100
|-unboost|p1a: Ceruledge|spd|1
|move|p1a: Ceruledge|Psycho Cut|p2a: clitorine
|-supereffective|p2a: clitorine
|-damage|p2a: clitorine|28/100
|-activate|p2a: clitorine|ability: Toxic Debris
|-sidestart|p1: foreignbaba|move: Toxic Spikes
|
|-heal|p1a: Ceruledge|43/100|[from] item: Leftovers
|upkeep
|turn|3
|inactive|foreignbaba has 60 seconds left.
|
|t:|1685920321
|move|p2a: clitorine|Earth Power|p1a: Ceruledge
|-supereffective|p1a: Ceruledge
|-damage|p1a: Ceruledge|0 fnt
|faint|p1a: Ceruledge
|
|upkeep
|
|t:|1685920340
|switch|p1a: >charizard|Dragonite, F|100/100
|-damage|p1a: >charizard|75/100|[from] Stealth Rock
|turn|4
|
|t:|1685920346
|move|p2a: clitorine|Mortal Spin|p1a: >charizard
|-crit|p1a: >charizard
|-damage|p1a: >charizard|67/100
|-status|p1a: >charizard|psn
|move|p1a: >charizard|Roost|p1a: >charizard
|-heal|p1a: >charizard|100/100 psn
|-singleturn|p1a: >charizard|move: Roost
|
|-damage|p1a: >charizard|88/100 psn|[from] psn
|upkeep
|turn|5
|
|t:|1685920358
|move|p2a: clitorine|Energy Ball|p1a: >charizard
|-resisted|p1a: >charizard
|-damage|p1a: >charizard|81/100 psn
|move|p1a: >charizard|Dragon Dance|p1a: >charizard
|-boost|p1a: >charizard|atk|1
|-boost|p1a: >charizard|spe|1
|
|-damage|p1a: >charizard|69/100 psn|[from] psn
|upkeep
|turn|6
|
|t:|1685920374
|switch|p2a: ficello|Gholdengo|100/100
|-item|p2a: ficello|Air Balloon
|move|p1a: >charizard|Dragon Claw|p2a: ficello
|-resisted|p2a: ficello
|-damage|p2a: ficello|69/100
|-enditem|p2a: ficello|Air Balloon
|
|-damage|p1a: >charizard|56/100 psn|[from] psn
|upkeep
|turn|7
|
|t:|1685920387
|move|p1a: >charizard|Roost|p1a: >charizard
|-heal|p1a: >charizard|100/100 psn
|-singleturn|p1a: >charizard|move: Roost
|move|p2a: ficello|Shadow Ball|p1a: >charizard
|-damage|p1a: >charizard|65/100 psn
|-unboost|p1a: >charizard|spd|1
|
|-damage|p1a: >charizard|52/100 psn|[from] psn
|upkeep
|turn|8
|
|t:|1685920398
|move|p1a: >charizard|Dragon Claw|p2a: ficello
|-resisted|p2a: ficello
|-damage|p2a: ficello|37/100
|move|p2a: ficello|Recover|p2a: ficello
|-heal|p2a: ficello|87/100
|
|-damage|p1a: >charizard|40/100 psn|[from] psn
|upkeep
|turn|9
|
|t:|1685920406
|move|p1a: >charizard|Roost|p1a: >charizard
|-heal|p1a: >charizard|90/100 psn
|-singleturn|p1a: >charizard|move: Roost
|move|p2a: ficello|Make It Rain|p1a: >charizard
|-damage|p1a: >charizard|7/100 psn
|-unboost|p2a: ficello|spa|1
|
|-damage|p1a: >charizard|0 fnt|[from] psn
|faint|p1a: >charizard
|upkeep
|inactive|foreignbaba has 30 seconds left.
|
|t:|1685920440
|switch|p1a: blue toothless|Roaring Moon|100/100
|-damage|p1a: blue toothless|88/100|[from] Stealth Rock
|-status|p1a: blue toothless|tox
|turn|10
|inactive|foreignbaba has 30 seconds left.
|
|t:|1685920450
|switch|p2a: clitorine|Glimmora, F|28/100
|move|p1a: blue toothless|Dark Pulse|p2a: clitorine
|-damage|p2a: clitorine|1/100
|
|-damage|p1a: blue toothless|82/100 tox|[from] psn
|upkeep
|turn|11
|inactive|foreignbaba has 30 seconds left.
|
|t:|1685920461
|move|p2a: clitorine|Earth Power|p1a: blue toothless
|-damage|p1a: blue toothless|58/100 tox
|move|p1a: blue toothless|Dragon Claw|p2a: clitorine
|-damage|p2a: clitorine|0 fnt
|faint|p2a: clitorine
|
|-damage|p1a: blue toothless|46/100 tox|[from] psn
|upkeep
|
|t:|1685920475
|switch|p2a: diego|Chien-Pao|100/100
|-ability|p2a: diego|Sword of Ruin
|turn|12
|
|t:|1685920484
|move|p2a: diego|Ice Spinner|p1a: blue toothless
|-supereffective|p1a: blue toothless
|-crit|p1a: blue toothless
|-damage|p1a: blue toothless|0 fnt
|faint|p1a: blue toothless
|-end|p1a: blue toothless|Protosynthesis|[silent]
|
|upkeep
|inactive|foreignbaba has 30 seconds left.
|
|t:|1685920505
|switch|p1a: manny|Great Tusk|100/100
|-damage|p1a: manny|97/100|[from] Stealth Rock
|-status|p1a: manny|tox
|turn|13
|inactive|foreignbaba has 30 seconds left.
|
|t:|1685920529
|switch|p2a: ficello|Gholdengo|87/100
|move|p1a: manny|Bulk Up|p1a: manny
|-boost|p1a: manny|atk|1
|-boost|p1a: manny|def|1
|
|-damage|p1a: manny|91/100 tox|[from] psn
|upkeep
|turn|14
|inactive|foreignbaba has 30 seconds left.
|inactive|foreignbaba has 20 seconds left.
|inactive|foreignbaba has 15 seconds left.
|
|t:|1685920555
|move|p2a: ficello|Nasty Plot|p2a: ficello
|-boost|p2a: ficello|spa|2
|move|p1a: manny|Earthquake|p2a: ficello
|-supereffective|p2a: ficello
|-damage|p2a: ficello|0 fnt
|faint|p2a: ficello
|
|-damage|p1a: manny|79/100 tox|[from] psn
|upkeep
|inactive|foreignbaba has 20 seconds left this turn.
|
|t:|1685920565
|switch|p2a: viros|Volcarona, F|100/100
|turn|15
|inactive|foreignbaba has 30 seconds left this turn.
|
|t:|1685920575
|move|p2a: viros|Fiery Dance|p1a: manny
|-damage|p1a: manny|39/100 tox
|move|p1a: manny|Earthquake|p2a: viros
|-damage|p2a: viros|40/100
|
|-damage|p1a: manny|21/100 tox|[from] psn
|upkeep
|turn|16
|inactive|foreignbaba has 30 seconds left.
|
|t:|1685920584
|move|p2a: viros|Fiery Dance|p1a: manny
|-damage|p1a: manny|0 fnt
|-boost|p2a: viros|spa|1
|faint|p1a: manny
|-end|p1a: manny|Protosynthesis|[silent]
|
|upkeep
|inactive|foreignbaba has 30 seconds left.
|
|t:|1685920598
|switch|p1a: Houndstone|Houndstone, M|100/100
|-damage|p1a: Houndstone|88/100|[from] Stealth Rock
|-status|p1a: Houndstone|tox
|turn|17
|inactive|foreignbaba has 30 seconds left.
|
|t:|1685920604
|move|p2a: viros|Morning Sun|p2a: viros
|-heal|p2a: viros|90/100
|move|p1a: Houndstone|Yawn|p2a: viros
|-start|p2a: viros|move: Yawn|[of] p1a: Houndstone
|
|-damage|p1a: Houndstone|82/100 tox|[from] psn
|upkeep
|turn|18
|
|t:|1685920614
|switch|p2a: diego|Chien-Pao|100/100
|-ability|p2a: diego|Sword of Ruin
|move|p1a: Houndstone|Phantom Force||[still]
|-prepare|p1a: Houndstone|Phantom Force
|
|-damage|p1a: Houndstone|70/100 tox|[from] psn
|upkeep
|turn|19
|
|t:|1685920624
|move|p2a: diego|Crunch|p1a: Houndstone|[miss]
|-miss|p2a: diego|p1a: Houndstone
|move|p1a: Houndstone|Phantom Force|p2a: diego|[from]lockedmove
|-resisted|p2a: diego
|-damage|p2a: diego|78/100
|
|-damage|p1a: Houndstone|53/100 tox|[from] psn
|upkeep
|turn|20
|
|t:|1685920637
|move|p2a: diego|Crunch|p1a: Houndstone
|-supereffective|p1a: Houndstone
|-damage|p1a: Houndstone|0 fnt
|faint|p1a: Houndstone
|
|upkeep
|
|t:|1685920643
|switch|p1a: WHOOSHAGOODBOI|Zamazenta-Crowned|100/100
|-damage|p1a: WHOOSHAGOODBOI|98/100|[from] Stealth Rock
|-ability|p1a: WHOOSHAGOODBOI|Dauntless Shield|boost
|-boost|p1a: WHOOSHAGOODBOI|def|1
|turn|21
|
|t:|1685920651
|switch|p2a: elefun|Great Tusk|100/100
|move|p1a: WHOOSHAGOODBOI|Close Combat|p2a: elefun
|-damage|p2a: elefun|78/100
|-unboost|p1a: WHOOSHAGOODBOI|def|1
|-unboost|p1a: WHOOSHAGOODBOI|spd|1
|-damage|p1a: WHOOSHAGOODBOI|81/100|[from] item: Rocky Helmet|[of] p2a: elefun
|
|upkeep
|turn|22
|
|t:|1685920666
|move|p1a: WHOOSHAGOODBOI|Behemoth Bash|p2a: elefun
|-damage|p2a: elefun|57/100
|-damage|p1a: WHOOSHAGOODBOI|64/100|[from] item: Rocky Helmet|[of] p2a: elefun
|move|p2a: elefun|Earthquake|p1a: WHOOSHAGOODBOI
|-supereffective|p1a: WHOOSHAGOODBOI
|-damage|p1a: WHOOSHAGOODBOI|5/100
|
|upkeep
|turn|23
|
|t:|1685920678
|move|p1a: WHOOSHAGOODBOI|Moonblast|p2a: elefun
|-supereffective|p2a: elefun
|-damage|p2a: elefun|0 fnt
|faint|p2a: elefun
|-end|p2a: elefun|Protosynthesis|[silent]
|
|upkeep
|
|t:|1685920683
|switch|p2a: diego|Chien-Pao|78/100
|-ability|p2a: diego|Sword of Ruin
|turn|24
|
|t:|1685920699
|move|p2a: diego|Sacred Sword|p1a: WHOOSHAGOODBOI
|-supereffective|p1a: WHOOSHAGOODBOI
|-damage|p1a: WHOOSHAGOODBOI|0 fnt
|faint|p1a: WHOOSHAGOODBOI
|
|win|Noctal213
|raw|foreignbaba's rating: 1005 → 1000(-5 for losing)
|raw|Noctal213's rating: 1100 → 1118(+18 for winning)
|l|☆foreignbaba
