|j|☆Ketchup2000
|j|☆ezrasensei
|t:|1685854283
|gametype|singles
|player|p1|Ketchup2000|byron|1258
|player|p2|ezrasensei|steven|1165
|teamsize|p1|6
|teamsize|p2|6
|gen|9
|tier|[Gen 9] OU
|rated|
|rule|Sleep Clause Mod: Limit one foe put to sleep
|rule|Species Clause: Limit one of each Pokémon
|rule|OHKO Clause: OHKO moves are banned
|rule|Evasion Items Clause: Evasion items are banned
|rule|Evasion Moves Clause: Evasion moves are banned
|rule|Endless Battle Clause: Forcing endless battles is banned
|rule|HP Percentage Mod: HP is shown in percentages
|clearpoke
|poke|p1|Sneasler, F|
|poke|p1|Landorus-Therian, M|
|poke|p1|Corviknight, F|
|poke|p1|Great Tusk|
|poke|p1|Braviary-Hisui, M|
|poke|p1|Typhlosion-Hisui, F|
|poke|p2|Typhlosion-Hisui, F|
|poke|p2|Dragapult, F|
|poke|p2|Magearna|
|poke|p2|Urshifu-*, M|
|poke|p2|Zapdos|
|poke|p2|Great Tusk|
|teampreview
|
|t:|1685854313
|start
|switch|p1a: Landorus|Landorus-Therian, M|100/100
|switch|p2a: Great Tusk|Great Tusk|100/100
|-ability|p1a: Landorus|Intimidate|boost
|-unboost|p2a: Great Tusk|atk|1
|-enditem|p2a: Great Tusk|Booster Energy
|-activate|p2a: Great Tusk|ability: Protosynthesis|[fromitem]
|-start|p2a: Great Tusk|protosynthesisspe
|turn|1
|
|t:|1685854324
|move|p2a: Great Tusk|Stealth Rock|p1a: Landorus
|-sidestart|p1: Ketchup2000|move: Stealth Rock
|move|p1a: Landorus|U-turn|p2a: Great Tusk
|-resisted|p2a: Great Tusk
|-damage|p2a: Great Tusk|93/100
|
|t:|1685854332
|switch|p1a: Braviary|Braviary-Hisui, M|100/100|[from] U-turn
|
|upkeep
|turn|2
|
|t:|1685854347
|-end|p2a: Great Tusk|Protosynthesis|[silent]
|switch|p2a: Zapdos|Zapdos|100/100
|move|p1a: Braviary|Esper Wing|p2a: Zapdos
|-damage|p2a: Zapdos|68/100
|-boost|p1a: Braviary|spe|1
|
|upkeep
|turn|3
|
|t:|1685854356
|move|p1a: Braviary|Calm Mind|p1a: Braviary
|-boost|p1a: Braviary|spa|1
|-boost|p1a: Braviary|spd|1
|move|p2a: Zapdos|Volt Switch|p1a: Braviary
|-supereffective|p1a: Braviary
|-damage|p1a: Braviary|56/100
|
|t:|1685854364
|switch|p2a: Urshifu|Urshifu-Rapid-Strike, M|100/100|[from] Volt Switch
|
|upkeep
|turn|4
|
|t:|1685854372
|move|p2a: Urshifu|Ice Spinner|p1a: Braviary
|-supereffective|p1a: Braviary
|-damage|p1a: Braviary|5/100
|move|p1a: Braviary|Esper Wing|p2a: Urshifu
|-supereffective|p2a: Urshifu
|-damage|p2a: Urshifu|0 fnt
|-boost|p1a: Braviary|spe|1
|faint|p2a: Urshifu
|
|upkeep
|
|t:|1685854386
|switch|p2a: Zapdos|Zapdos|68/100
|turn|5
|
|t:|1685854389
|move|p1a: Braviary|Roost|p1a: Braviary
|-heal|p1a: Braviary|55/100
|-singleturn|p1a: Braviary|move: Roost
|move|p2a: Zapdos|Volt Switch|p1a: Braviary
|-damage|p1a: Braviary|31/100
|
|t:|1685854396
|switch|p2a: Magearna|Magearna|100/100|[from] Volt Switch
|
|upkeep
|turn|6
|
|t:|1685854402
|move|p1a: Braviary|Roost|p1a: Braviary
|-heal|p1a: Braviary|81/100
|-singleturn|p1a: Braviary|move: Roost
|move|p2a: Magearna|Volt Switch|p1a: Braviary
|-crit|p1a: Braviary
|-damage|p1a: Braviary|44/100
|
|t:|1685854409
|switch|p2a: Zapdos|Zapdos|68/100|[from] Volt Switch
|
|upkeep
|turn|7
|
|t:|1685854417
|move|p1a: Braviary|Roost|p1a: Braviary
|-heal|p1a: Braviary|94/100
|-singleturn|p1a: Braviary|move: Roost
|move|p2a: Zapdos|Volt Switch|p1a: Braviary
|-damage|p1a: Braviary|73/100
|
|t:|1685854426
|switch|p2a: Great Tusk|Great Tusk|93/100|[from] Volt Switch
|
|upkeep
|turn|8
|
|t:|1685854432
|move|p1a: Braviary|Calm Mind|p1a: Braviary
|-boost|p1a: Braviary|spa|1
|-boost|p1a: Braviary|spd|1
|move|p2a: Great Tusk|Knock Off|p1a: Braviary
|-supereffective|p1a: Braviary
|-damage|p1a: Braviary|26/100
|-enditem|p1a: Braviary|Heavy-Duty Boots|[from] move: Knock Off|[of] p2a: Great Tusk
|
|upkeep
|turn|9
|
|t:|1685854439
|move|p1a: Braviary|Esper Wing|p2a: Great Tusk
|-supereffective|p2a: Great Tusk
|-damage|p2a: Great Tusk|0 fnt
|-boost|p1a: Braviary|spe|1
|faint|p2a: Great Tusk
|-end|p2a: Great Tusk|Protosynthesis|[silent]
|
|upkeep
|
|t:|1685854459
|switch|p2a: Magearna|Magearna|100/100
|turn|10
|
|t:|1685854469
|move|p1a: Braviary|Roost|p1a: Braviary
|-heal|p1a: Braviary|76/100
|-singleturn|p1a: Braviary|move: Roost
|move|p2a: Magearna|Volt Switch|p1a: Braviary
|-damage|p1a: Braviary|65/100
|
|t:|1685854476
|switch|p2a: Dragapult|Dragapult, F|100/100|[from] Volt Switch
|
|upkeep
|turn|11
|
|t:|1685854484
|move|p1a: Braviary|Dazzling Gleam|p2a: Dragapult
|-supereffective|p2a: Dragapult
|-crit|p2a: Dragapult
|-damage|p2a: Dragapult|0 fnt
|faint|p2a: Dragapult
|
|upkeep
|
|t:|1685854490
|switch|p2a: Typhlosion|Typhlosion-Hisui, F|100/100
|turn|12
|
|t:|1685854499
|move|p1a: Braviary|Esper Wing|p2a: Typhlosion
|-damage|p2a: Typhlosion|6/100
|-boost|p1a: Braviary|spe|1
|move|p2a: Typhlosion|Infernal Parade|p1a: Braviary
|-supereffective|p1a: Braviary
|-damage|p1a: Braviary|8/100
|
|upkeep
|turn|13
|inactive|Battle timer is ON: inactive players will automatically lose when time's up. (requested by Ketchup2000)
|inactive|ezrasensei has 120 seconds left.
|inactive|ezrasensei has 90 seconds left.
|inactive|ezrasensei has 60 seconds left.
|inactive|ezrasensei has 30 seconds left.
|inactive|ezrasensei has 20 seconds left.
|inactive|ezrasensei has 15 seconds left.
|inactive|ezrasensei has 10 seconds left.
|inactive|ezrasensei has 5 seconds left.
|-message|ezrasensei lost due to inactivity.
|
|win|Ketchup2000
|raw|Ketchup2000's rating: 1289 → 1305(+16 for winning)
|raw|ezrasensei's rating: 1165 → 1149(-16 for losing)
