|j|☆pppaapapap
|j|☆Steezy1
|t:|1685931070
|gametype|singles
|player|p1|pppaapapap|brycenman|1419
|player|p2|Steezy1|170|1413
|teamsize|p1|6
|teamsize|p2|6
|gen|9
|tier|[Gen 9] OU
|rated|
|rule|Sleep Clause Mod: Limit one foe put to sleep
|rule|Species Clause: Limit one of each Pokémon
|rule|OHKO Clause: OHKO moves are banned
|rule|Evasion Items Clause: Evasion items are banned
|rule|Evasion Moves Clause: Evasion moves are banned
|rule|Endless Battle Clause: Forcing endless battles is banned
|rule|HP Percentage Mod: HP is shown in percentages
|clearpoke
|poke|p1|Great Tusk|
|poke|p1|Meowscarada, F|
|poke|p1|Gholdengo|
|poke|p1|Walking Wake|
|poke|p1|Arcanine-Hisui, M|
|poke|p1|Roaring Moon|
|poke|p2|Pelipper, M|
|poke|p2|Rotom-Wash|
|poke|p2|Barraskewda, M|
|poke|p2|Garchomp, M|
|poke|p2|Gholdengo|
|poke|p2|Quaquaval, M|
|teampreview
|inactive|Battle timer is ON: inactive players will automatically lose when time's up. (requested by pppaapapap)
|
|t:|1685931076
|start
|switch|p1a: Walking Wake|Walking Wake|100/100
|switch|p2a: Garchomp|Garchomp, M|100/100
|turn|1
|
|t:|1685931103
|-end|p1a: Walking Wake|Protosynthesis|[silent]
|switch|p1a: Meowscarada|Meowscarada, F|100/100
|move|p2a: Garchomp|Dragon Tail|p1a: Meowscarada|[miss]
|-miss|p2a: Garchomp|p1a: Meowscarada
|
|upkeep
|turn|2
|
|t:|1685931109
|move|p1a: Meowscarada|Play Rough|p2a: Garchomp
|-start|p1a: Meowscarada|typechange|Fairy|[from] ability: Protean
|-supereffective|p2a: Garchomp
|-damage|p2a: Garchomp|43/100
|-damage|p1a: Meowscarada|88/100|[from] ability: Rough Skin|[of] p2a: Garchomp
|-damage|p1a: Meowscarada|72/100|[from] item: Rocky Helmet|[of] p2a: Garchomp
|move|p2a: Garchomp|Stealth Rock|p1a: Meowscarada
|-sidestart|p1: pppaapapap|move: Stealth Rock
|
|upkeep
|turn|3
|
|t:|1685931122
|switch|p2a: Gholdengo|Gholdengo|100/100
|move|p1a: Meowscarada|Play Rough|p2a: Gholdengo|[miss]
|-miss|p1a: Meowscarada|p2a: Gholdengo
|
|upkeep
|turn|4
|
|t:|1685931130
|move|p1a: Meowscarada|Knock Off|p2a: Gholdengo
|-supereffective|p2a: Gholdengo
|-damage|p2a: Gholdengo|45/100
|-enditem|p2a: Gholdengo|Covert Cloak|[from] move: Knock Off|[of] p1a: Meowscarada
|move|p2a: Gholdengo|Thunder Wave|p1a: Meowscarada
|-status|p1a: Meowscarada|par
|
|upkeep
|turn|5
|
|t:|1685931136
|move|p2a: Gholdengo|Recover|p2a: Gholdengo
|-heal|p2a: Gholdengo|95/100
|move|p1a: Meowscarada|Knock Off|p2a: Gholdengo
|-supereffective|p2a: Gholdengo
|-damage|p2a: Gholdengo|61/100
|
|upkeep
|turn|6
|
|t:|1685931154
|move|p2a: Gholdengo|Recover|p2a: Gholdengo
|-heal|p2a: Gholdengo|100/100
|move|p1a: Meowscarada|Knock Off|p2a: Gholdengo
|-supereffective|p2a: Gholdengo
|-damage|p2a: Gholdengo|68/100
|
|upkeep
|turn|7
|
|t:|1685931159
|move|p2a: Gholdengo|Hex|p1a: Meowscarada
|-damage|p1a: Meowscarada|0 fnt
|faint|p1a: Meowscarada
|
|upkeep
|
|t:|1685931165
|switch|p1a: Great Tusk|Great Tusk|100/100
|-damage|p1a: Great Tusk|98/100|[from] Stealth Rock
|-enditem|p1a: Great Tusk|Booster Energy
|-activate|p1a: Great Tusk|ability: Protosynthesis|[fromitem]
|-start|p1a: Great Tusk|protosynthesisatk
|turn|8
|
|t:|1685931181
|switch|p2a: Rotom|Rotom-Wash|100/100
|move|p1a: Great Tusk|Earthquake|p2a: Rotom
|-immune|p2a: Rotom|[from] ability: Levitate
|
|upkeep
|turn|9
|
|t:|1685931190
|switch|p2a: Garchomp|Garchomp, M|43/100
|-terastallize|p1a: Great Tusk|Fairy
|move|p1a: Great Tusk|Rapid Spin|p2a: Garchomp
|-damage|p2a: Garchomp|27/100
|-boost|p1a: Great Tusk|spe|1
|-damage|p1a: Great Tusk|85/100|[from] ability: Rough Skin|[of] p2a: Garchomp
|-damage|p1a: Great Tusk|69/100|[from] item: Rocky Helmet|[of] p2a: Garchomp
|-sideend|p1: pppaapapap|Stealth Rock|[from] move: Rapid Spin|[of] p1a: Great Tusk
|
|upkeep
|turn|10
|
|t:|1685931203
|move|p1a: Great Tusk|Earthquake|p2a: Garchomp
|-damage|p2a: Garchomp|0 fnt
|faint|p2a: Garchomp
|
|upkeep
|
|t:|1685931208
|switch|p2a: Pelipper|Pelipper, M|100/100
|-weather|RainDance|[from] ability: Drizzle|[of] p2a: Pelipper
|turn|11
|
|t:|1685931213
|move|p1a: Great Tusk|Play Rough|p2a: Pelipper
|-damage|p2a: Pelipper|42/100
|move|p2a: Pelipper|U-turn|p1a: Great Tusk
|-resisted|p1a: Great Tusk
|-damage|p1a: Great Tusk|65/100
|
|t:|1685931217
|switch|p2a: Barraskewda|Barraskewda, M|100/100|[from] U-turn
|
|-weather|RainDance|[upkeep]
|upkeep
|turn|12
|
|t:|1685931223
|-terastallize|p2a: Barraskewda|Water
|move|p2a: Barraskewda|Liquidation|p1a: Great Tusk
|-damage|p1a: Great Tusk|0 fnt
|faint|p1a: Great Tusk
|-end|p1a: Great Tusk|Protosynthesis|[silent]
|
|-weather|RainDance|[upkeep]
|upkeep
|
|t:|1685931232
|switch|p1a: Walking Wake|Walking Wake|100/100
|turn|13
|
|t:|1685931243
|switch|p2a: Quaquaval|Quaquaval, M|100/100
|move|p1a: Walking Wake|Sunny Day|p1a: Walking Wake
|-weather|SunnyDay
|-activate|p1a: Walking Wake|ability: Protosynthesis
|-start|p1a: Walking Wake|protosynthesisspe
|
|-weather|SunnyDay|[upkeep]
|upkeep
|turn|14
|
|t:|1685931259
|move|p1a: Walking Wake|Draco Meteor|p2a: Quaquaval
|-damage|p2a: Quaquaval|6/100
|-unboost|p1a: Walking Wake|spa|2
|move|p2a: Quaquaval|Close Combat|p1a: Walking Wake
|-damage|p1a: Walking Wake|34/100
|-unboost|p2a: Quaquaval|def|1
|-unboost|p2a: Quaquaval|spd|1
|
|-weather|SunnyDay|[upkeep]
|-heal|p1a: Walking Wake|41/100|[from] item: Leftovers
|upkeep
|turn|15
|
|t:|1685931275
|move|p1a: Walking Wake|Hydro Steam|p2a: Quaquaval
|-resisted|p2a: Quaquaval
|-damage|p2a: Quaquaval|0 fnt
|faint|p2a: Quaquaval
|
|-weather|SunnyDay|[upkeep]
|-heal|p1a: Walking Wake|47/100|[from] item: Leftovers
|upkeep
|
|t:|1685931279
|switch|p2a: Pelipper|Pelipper, M|42/100
|-weather|RainDance|[from] ability: Drizzle|[of] p2a: Pelipper
|-end|p1a: Walking Wake|Protosynthesis
|turn|16
|
|t:|1685931282
|move|p1a: Walking Wake|Sunny Day|p1a: Walking Wake
|-weather|SunnyDay
|-activate|p1a: Walking Wake|ability: Protosynthesis
|-start|p1a: Walking Wake|protosynthesisspe
|move|p2a: Pelipper|Roost|p2a: Pelipper
|-heal|p2a: Pelipper|92/100
|-singleturn|p2a: Pelipper|move: Roost
|
|-weather|SunnyDay|[upkeep]
|-heal|p1a: Walking Wake|53/100|[from] item: Leftovers
|upkeep
|turn|17
|
|t:|1685931292
|-end|p1a: Walking Wake|Protosynthesis|[silent]
|switch|p1a: Roaring Moon|Roaring Moon|100/100
|-activate|p1a: Roaring Moon|ability: Protosynthesis
|-start|p1a: Roaring Moon|protosynthesisatk
|move|p2a: Pelipper|U-turn|p1a: Roaring Moon
|-supereffective|p1a: Roaring Moon
|-damage|p1a: Roaring Moon|78/100
|
|t:|1685931297
|switch|p2a: Rotom|Rotom-Wash|100/100|[from] U-turn
|
|-weather|SunnyDay|[upkeep]
|upkeep
|turn|18
|
|t:|1685931301
|move|p1a: Roaring Moon|Acrobatics|p2a: Rotom
|-resisted|p2a: Rotom
|-damage|p2a: Rotom|88/100
|move|p2a: Rotom|Will-O-Wisp|p1a: Roaring Moon
|-status|p1a: Roaring Moon|brn
|
|-weather|SunnyDay|[upkeep]
|-heal|p2a: Rotom|94/100|[from] item: Leftovers
|-damage|p1a: Roaring Moon|72/100 brn|[from] brn
|upkeep
|turn|19
|
|t:|1685931309
|switch|p2a: Pelipper|Pelipper, M|92/100
|-weather|RainDance|[from] ability: Drizzle|[of] p2a: Pelipper
|-end|p1a: Roaring Moon|Protosynthesis
|-enditem|p1a: Roaring Moon|Booster Energy
|-activate|p1a: Roaring Moon|ability: Protosynthesis|[fromitem]
|-start|p1a: Roaring Moon|protosynthesisatk
|move|p1a: Roaring Moon|Scale Shot|p2a: Pelipper
|-damage|p2a: Pelipper|83/100
|-damage|p2a: Pelipper|74/100
|-damage|p2a: Pelipper|65/100
|-hitcount|p2a: Pelipper|3
|-unboost|p1a: Roaring Moon|def|1
|-boost|p1a: Roaring Moon|spe|1
|
|-weather|RainDance|[upkeep]
|-damage|p1a: Roaring Moon|66/100 brn|[from] brn
|upkeep
|turn|20
|
|t:|1685931314
|move|p1a: Roaring Moon|Crunch|p2a: Pelipper
|-damage|p2a: Pelipper|36/100
|move|p2a: Pelipper|U-turn|p1a: Roaring Moon
|-supereffective|p1a: Roaring Moon
|-damage|p1a: Roaring Moon|35/100 brn
|
|t:|1685931318
|switch|p2a: Barraskewda|Barraskewda, M, tera:Water|100/100|[from] U-turn
|
|-weather|RainDance|[upkeep]
|-damage|p1a: Roaring Moon|29/100 brn|[from] brn
|upkeep
|turn|21
|
|t:|1685931324
|move|p2a: Barraskewda|Liquidation|p1a: Roaring Moon
|-resisted|p1a: Roaring Moon
|-damage|p1a: Roaring Moon|0 fnt
|faint|p1a: Roaring Moon
|-end|p1a: Roaring Moon|Protosynthesis|[silent]
|
|-weather|RainDance|[upkeep]
|upkeep
|
|t:|1685931328
|switch|p1a: Gholdengo|Gholdengo|100/100
|turn|22
|
|t:|1685931330
|move|p2a: Barraskewda|Liquidation|p1a: Gholdengo
|-enditem|p1a: Gholdengo|Focus Sash
|-damage|p1a: Gholdengo|1/100
|-unboost|p1a: Gholdengo|def|1
|move|p1a: Gholdengo|Thunderbolt|p2a: Barraskewda
|-supereffective|p2a: Barraskewda
|-damage|p2a: Barraskewda|0 fnt
|faint|p2a: Barraskewda
|
|-weather|RainDance|[upkeep]
|upkeep
|
|t:|1685931340
|switch|p2a: Rotom|Rotom-Wash|94/100
|turn|23
|
|t:|1685931343
|move|p1a: Gholdengo|Thunderbolt|p2a: Rotom
|-damage|p2a: Rotom|66/100
|move|p2a: Rotom|Volt Switch|p1a: Gholdengo
|-crit|p1a: Gholdengo
|-damage|p1a: Gholdengo|0 fnt
|faint|p1a: Gholdengo
|
|t:|1685931346
|switch|p2a: Gholdengo|Gholdengo|68/100|[from] Volt Switch
|
|-weather|RainDance|[upkeep]
|upkeep
|
|t:|1685931356
|switch|p1a: Walking Wake|Walking Wake|53/100
|turn|24
|
|t:|1685931362
|move|p1a: Walking Wake|Sunny Day|p1a: Walking Wake
|-weather|SunnyDay
|-activate|p1a: Walking Wake|ability: Protosynthesis
|-start|p1a: Walking Wake|protosynthesisspe
|move|p2a: Gholdengo|Thunder Wave|p1a: Walking Wake
|-status|p1a: Walking Wake|par
|
|-weather|SunnyDay|[upkeep]
|-heal|p1a: Walking Wake|59/100 par|[from] item: Leftovers
|upkeep
|turn|25
|
|t:|1685931369
|switch|p2a: Pelipper|Pelipper, M|36/100
|-weather|RainDance|[from] ability: Drizzle|[of] p2a: Pelipper
|-end|p1a: Walking Wake|Protosynthesis
|move|p1a: Walking Wake|Flamethrower|p2a: Pelipper
|-resisted|p2a: Pelipper
|-damage|p2a: Pelipper|28/100
|
|-weather|RainDance|[upkeep]
|-heal|p1a: Walking Wake|65/100 par|[from] item: Leftovers
|upkeep
|turn|26
|
|t:|1685931377
|cant|p1a: Walking Wake|par
|move|p2a: Pelipper|Hurricane|p1a: Walking Wake
|-damage|p1a: Walking Wake|12/100 par
|-start|p1a: Walking Wake|confusion
|
|-weather|RainDance|[upkeep]
|-heal|p1a: Walking Wake|18/100 par|[from] item: Leftovers
|upkeep
|turn|27
|
|t:|1685931385
|-activate|p1a: Walking Wake|confusion
|-damage|p1a: Walking Wake|11/100 par|[from] confusion
|move|p2a: Pelipper|Hurricane|p1a: Walking Wake
|-damage|p1a: Walking Wake|0 fnt
|faint|p1a: Walking Wake
|-end|p1a: Walking Wake|Protosynthesis|[silent]
|
|-weather|RainDance|[upkeep]
|upkeep
|
|t:|1685931388
|switch|p1a: Arcanine|Arcanine-Hisui, M|100/100
|turn|28
|
|t:|1685931395
|move|p1a: Arcanine|Head Smash|p2a: Pelipper|[miss]
|-miss|p1a: Arcanine|p2a: Pelipper
|move|p2a: Pelipper|Hydro Pump|p1a: Arcanine|[miss]
|-miss|p2a: Pelipper|p1a: Arcanine
|
|-weather|RainDance|[upkeep]
|upkeep
|turn|29
|
|t:|1685931398
|move|p1a: Arcanine|Head Smash|p2a: Pelipper
|-supereffective|p2a: Pelipper
|-damage|p2a: Pelipper|0 fnt
|faint|p2a: Pelipper
|
|-weather|RainDance|[upkeep]
|upkeep
|
|t:|1685931402
|switch|p2a: Rotom|Rotom-Wash|66/100
|turn|30
|
|t:|1685931404
|move|p1a: Arcanine|Head Smash|p2a: Rotom
|-damage|p2a: Rotom|0 fnt
|faint|p2a: Rotom
|
|-weather|RainDance|[upkeep]
|upkeep
|
|t:|1685931406
|switch|p2a: Gholdengo|Gholdengo|68/100
|turn|31
|
|t:|1685931408
|move|p1a: Arcanine|Head Smash|p2a: Gholdengo
|-resisted|p2a: Gholdengo
|-damage|p2a: Gholdengo|22/100
|move|p2a: Gholdengo|Thunder Wave|p1a: Arcanine
|-status|p1a: Arcanine|par
|
|-weather|RainDance|[upkeep]
|upkeep
|turn|32
|
|t:|1685931413
|move|p2a: Gholdengo|Recover|p2a: Gholdengo
|-heal|p2a: Gholdengo|72/100
|move|p1a: Arcanine|Head Smash|p2a: Gholdengo
|-resisted|p2a: Gholdengo
|-damage|p2a: Gholdengo|31/100
|
|-weather|none
|upkeep
|turn|33
|
|t:|1685931418
|move|p2a: Gholdengo|Recover|p2a: Gholdengo
|-heal|p2a: Gholdengo|81/100
|move|p1a: Arcanine|Head Smash|p2a: Gholdengo
|-resisted|p2a: Gholdengo
|-crit|p2a: Gholdengo
|-damage|p2a: Gholdengo|9/100
|
|upkeep
|turn|34
|
|t:|1685931423
|move|p2a: Gholdengo|Recover|p2a: Gholdengo
|-heal|p2a: Gholdengo|59/100
|move|p1a: Arcanine|Head Smash|p2a: Gholdengo
|-resisted|p2a: Gholdengo
|-damage|p2a: Gholdengo|13/100
|
|upkeep
|turn|35
|
|t:|1685931428
|move|p2a: Gholdengo|Recover|p2a: Gholdengo
|-heal|p2a: Gholdengo|63/100
|move|p1a: Arcanine|Head Smash|p2a: Gholdengo|[miss]
|-miss|p1a: Arcanine|p2a: Gholdengo
|
|upkeep
|turn|36
|
|t:|1685931433
|move|p2a: Gholdengo|Recover|p2a: Gholdengo
|-heal|p2a: Gholdengo|100/100
|cant|p1a: Arcanine|par
|
|upkeep
|turn|37
|
|t:|1685931437
|move|p2a: Gholdengo|Hex|p1a: Arcanine
|-damage|p1a: Arcanine|16/100 par
|-activate|p1a: Arcanine|move: Struggle
|move|p1a: Arcanine|Struggle|p2a: Gholdengo
|-crit|p2a: Gholdengo
|-damage|p2a: Gholdengo|68/100
|-damage|p1a: Arcanine|0 fnt|[from] recoil
|faint|p1a: Arcanine
|
|win|Steezy1
|raw|pppaapapap's rating: 1419 → 1399(-20 for losing)
|raw|Steezy1's rating: 1413 → 1433(+20 for winning)
|l|☆pppaapapap
|c|☆Steezy1|gg
|c|☆Steezy1|rip band
