|j|☆ravert0
|j|☆KogasScarf
|t:|1685903626
|gametype|singles
|player|p1|ravert0|101|1420
|player|p2|KogasScarf|koga|1432
|teamsize|p1|6
|teamsize|p2|6
|gen|9
|tier|[Gen 9] OU
|rated|
|rule|Sleep Clause Mod: Limit one foe put to sleep
|rule|Species Clause: Limit one of each Pokémon
|rule|OHKO Clause: OHKO moves are banned
|rule|Evasion Items Clause: Evasion items are banned
|rule|Evasion Moves Clause: Evasion moves are banned
|rule|Endless Battle Clause: Forcing endless battles is banned
|rule|HP Percentage Mod: HP is shown in percentages
|clearpoke
|poke|p1|Arcanine-Hisui, F|
|poke|p1|Basculegion-F, F|
|poke|p1|Kleavor, M|
|poke|p1|Goodra-Hisui, F|
|poke|p1|Volcanion|
|poke|p1|Great Tusk|
|poke|p2|Heatran, M|
|poke|p2|Zapdos|
|poke|p2|Gholdengo|
|poke|p2|Chien-Pao|
|poke|p2|Magearna|
|poke|p2|Urshifu-*, M|
|teampreview
|inactive|Battle timer is ON: inactive players will automatically lose when time's up. (requested by ravert0)
|c|☆ravert0|glhf
|
|t:|1685903646
|start
|switch|p1a: Kleavor|Kleavor, M|100/100
|switch|p2a: Zapdos|Zapdos, shiny|100/100
|turn|1
|
|t:|1685903656
|move|p1a: Kleavor|Stone Axe|p2a: Zapdos
|-supereffective|p2a: Zapdos
|-damage|p2a: Zapdos|30/100
|-sidestart|p2: KogasScarf|move: Stealth Rock
|-status|p1a: Kleavor|par|[from] ability: Static|[of] p2a: Zapdos
|move|p2a: Zapdos|Volt Switch|p1a: Kleavor
|-damage|p1a: Kleavor|53/100 par
|
|t:|1685903663
|switch|p2a: Gholdengo|Gholdengo|100/100|[from] Volt Switch
|-damage|p2a: Gholdengo|94/100|[from] Stealth Rock
|
|upkeep
|turn|2
|
|t:|1685903675
|switch|p1a: Goodra|Goodra-Hisui, F|100/100
|move|p2a: Gholdengo|Reflect|p2a: Gholdengo
|-sidestart|p2: KogasScarf|Reflect
|
|upkeep
|turn|3
|
|t:|1685903681
|move|p2a: Gholdengo|Light Screen|p2a: Gholdengo
|-sidestart|p2: KogasScarf|move: Light Screen
|move|p1a: Goodra|Acid Armor|p1a: Goodra
|-boost|p1a: Goodra|def|2
|
|upkeep
|turn|4
|
|t:|1685903685
|move|p2a: Gholdengo|Thunder Wave|p1a: Goodra
|-status|p1a: Goodra|par
|cant|p1a: Goodra|par
|
|upkeep
|turn|5
|
|t:|1685903693
|switch|p2a: Magearna|Magearna|100/100
|-damage|p2a: Magearna|94/100|[from] Stealth Rock
|move|p1a: Goodra|Acid Armor|p1a: Goodra
|-boost|p1a: Goodra|def|2
|
|upkeep
|turn|6
|
|t:|1685903706
|move|p2a: Magearna|Shift Gear|p2a: Magearna
|-boost|p2a: Magearna|spe|2
|-boost|p2a: Magearna|atk|1
|cant|p1a: Goodra|par
|
|upkeep
|turn|7
|
|t:|1685903716
|move|p2a: Magearna|Calm Mind|p2a: Magearna
|-boost|p2a: Magearna|spa|1
|-boost|p2a: Magearna|spd|1
|move|p1a: Goodra|Body Press|p2a: Magearna
|-damage|p2a: Magearna|71/100
|
|upkeep
|turn|8
|
|t:|1685903726
|move|p2a: Magearna|Shift Gear|p2a: Magearna
|-boost|p2a: Magearna|spe|2
|-boost|p2a: Magearna|atk|1
|move|p1a: Goodra|Body Press|p2a: Magearna
|-damage|p2a: Magearna|50/100
|
|upkeep
|turn|9
|
|t:|1685903740
|move|p2a: Magearna|Draining Kiss|p1a: Goodra
|-damage|p1a: Goodra|79/100 par
|-heal|p2a: Magearna|66/100|[from] drain|[of] p1a: Goodra
|move|p1a: Goodra|Body Press|p2a: Magearna
|-damage|p2a: Magearna|44/100
|
|-heal|p1a: Goodra|85/100 par|[from] item: Leftovers
|-sideend|p2: KogasScarf|Reflect
|upkeep
|turn|10
|
|t:|1685903751
|move|p2a: Magearna|Stored Power|p1a: Goodra
|-resisted|p1a: Goodra
|-damage|p1a: Goodra|59/100 par
|move|p1a: Goodra|Body Press|p2a: Magearna
|-damage|p2a: Magearna|0 fnt
|faint|p2a: Magearna
|
|-heal|p1a: Goodra|65/100 par|[from] item: Leftovers
|-sideend|p2: KogasScarf|move: Light Screen
|upkeep
|
|t:|1685903760
|switch|p2a: Gholdengo|Gholdengo|94/100
|-damage|p2a: Gholdengo|88/100|[from] Stealth Rock
|turn|11
|
|t:|1685903765
|move|p2a: Gholdengo|Reflect|p2a: Gholdengo
|-sidestart|p2: KogasScarf|Reflect
|cant|p1a: Goodra|par
|
|-heal|p1a: Goodra|71/100 par|[from] item: Leftovers
|upkeep
|turn|12
|
|t:|1685903770
|move|p2a: Gholdengo|Light Screen|p2a: Gholdengo
|-sidestart|p2: KogasScarf|move: Light Screen
|move|p1a: Goodra|Acid Armor|p1a: Goodra
|-boost|p1a: Goodra|def|2
|
|-heal|p1a: Goodra|77/100 par|[from] item: Leftovers
|upkeep
|turn|13
|
|t:|1685903777
|switch|p2a: Zapdos|Zapdos, shiny|30/100
|cant|p1a: Goodra|par
|
|-heal|p1a: Goodra|83/100 par|[from] item: Leftovers
|upkeep
|turn|14
|
|t:|1685903784
|move|p2a: Zapdos|Heat Wave|p1a: Goodra
|-damage|p1a: Goodra|70/100 par
|move|p1a: Goodra|Body Press|p2a: Zapdos
|-resisted|p2a: Zapdos
|-damage|p2a: Zapdos|17/100
|
|-heal|p1a: Goodra|76/100 par|[from] item: Leftovers
|upkeep
|turn|15
|
|t:|1685903793
|move|p2a: Zapdos|Roost|p2a: Zapdos
|-heal|p2a: Zapdos|67/100
|-singleturn|p2a: Zapdos|move: Roost
|move|p1a: Goodra|Heavy Slam|p2a: Zapdos
|-resisted|p2a: Zapdos
|-damage|p2a: Zapdos|60/100
|
|-heal|p1a: Goodra|82/100 par|[from] item: Leftovers
|upkeep
|turn|16
|
|t:|1685903800
|move|p2a: Zapdos|Heat Wave|p1a: Goodra
|-damage|p1a: Goodra|68/100 par
|move|p1a: Goodra|Body Press|p2a: Zapdos
|-resisted|p2a: Zapdos
|-damage|p2a: Zapdos|48/100
|
|-heal|p1a: Goodra|74/100 par|[from] item: Leftovers
|upkeep
|turn|17
|
|t:|1685903805
|move|p2a: Zapdos|Roost|p2a: Zapdos
|-heal|p2a: Zapdos|98/100
|-singleturn|p2a: Zapdos|move: Roost
|move|p1a: Goodra|Body Press|p2a: Zapdos
|-damage|p2a: Zapdos|70/100
|
|-heal|p1a: Goodra|80/100 par|[from] item: Leftovers
|upkeep
|turn|18
|
|t:|1685903813
|move|p2a: Zapdos|Hurricane|p1a: Goodra
|-resisted|p1a: Goodra
|-damage|p1a: Goodra|68/100 par
|-start|p1a: Goodra|confusion
|-activate|p1a: Goodra|confusion
|-damage|p1a: Goodra|66/100 par|[from] confusion
|
|-heal|p1a: Goodra|72/100 par|[from] item: Leftovers
|-sideend|p2: KogasScarf|Reflect
|upkeep
|turn|19
|
|t:|1685903824
|move|p2a: Zapdos|Heat Wave|p1a: Goodra
|-damage|p1a: Goodra|59/100 par
|-activate|p1a: Goodra|confusion
|cant|p1a: Goodra|par
|
|-heal|p1a: Goodra|65/100 par|[from] item: Leftovers
|-sideend|p2: KogasScarf|move: Light Screen
|upkeep
|turn|20
|
|t:|1685903829
|move|p2a: Zapdos|Heat Wave|p1a: Goodra|[miss]
|-miss|p2a: Zapdos|p1a: Goodra
|-activate|p1a: Goodra|confusion
|move|p1a: Goodra|Draco Meteor|p2a: Zapdos
|-damage|p2a: Zapdos|25/100
|-unboost|p1a: Goodra|spa|2
|
|-heal|p1a: Goodra|71/100 par|[from] item: Leftovers
|upkeep
|turn|21
|
|t:|1685903835
|move|p2a: Zapdos|Roost|p2a: Zapdos
|-heal|p2a: Zapdos|75/100
|-singleturn|p2a: Zapdos|move: Roost
|-activate|p1a: Goodra|confusion
|-damage|p1a: Goodra|68/100 par|[from] confusion
|
|-heal|p1a: Goodra|74/100 par|[from] item: Leftovers
|upkeep
|turn|22
|
|t:|1685903842
|move|p2a: Zapdos|Heat Wave|p1a: Goodra
|-damage|p1a: Goodra|61/100 par
|-end|p1a: Goodra|confusion
|move|p1a: Goodra|Body Press|p2a: Zapdos
|-resisted|p2a: Zapdos
|-crit|p2a: Zapdos
|-damage|p2a: Zapdos|33/100
|
|-heal|p1a: Goodra|67/100 par|[from] item: Leftovers
|upkeep
|turn|23
|
|t:|1685903850
|move|p2a: Zapdos|Hurricane|p1a: Goodra
|-resisted|p1a: Goodra
|-damage|p1a: Goodra|55/100 par
|-start|p1a: Goodra|confusion
|-activate|p1a: Goodra|confusion
|move|p1a: Goodra|Body Press|p2a: Zapdos
|-resisted|p2a: Zapdos
|-damage|p2a: Zapdos|6/100
|
|-heal|p1a: Goodra|61/100 par|[from] item: Leftovers
|upkeep
|turn|24
|
|t:|1685903857
|move|p2a: Zapdos|Roost|p2a: Zapdos
|-heal|p2a: Zapdos|56/100
|-singleturn|p2a: Zapdos|move: Roost
|-end|p1a: Goodra|confusion
|cant|p1a: Goodra|par
|
|-heal|p1a: Goodra|67/100 par|[from] item: Leftovers
|upkeep
|turn|25
|
|t:|1685903863
|move|p2a: Zapdos|Hurricane|p1a: Goodra|[miss]
|-miss|p2a: Zapdos|p1a: Goodra
|move|p1a: Goodra|Body Press|p2a: Zapdos
|-resisted|p2a: Zapdos
|-damage|p2a: Zapdos|31/100
|
|-heal|p1a: Goodra|73/100 par|[from] item: Leftovers
|upkeep
|turn|26
|
|t:|1685903871
|move|p2a: Zapdos|Hurricane|p1a: Goodra
|-resisted|p1a: Goodra
|-damage|p1a: Goodra|61/100 par
|move|p1a: Goodra|Body Press|p2a: Zapdos
|-resisted|p2a: Zapdos
|-damage|p2a: Zapdos|6/100
|
|-heal|p1a: Goodra|67/100 par|[from] item: Leftovers
|upkeep
|turn|27
|
|t:|1685903879
|move|p2a: Zapdos|Hurricane|p1a: Goodra
|-resisted|p1a: Goodra
|-damage|p1a: Goodra|56/100 par
|move|p1a: Goodra|Body Press|p2a: Zapdos
|-resisted|p2a: Zapdos
|-damage|p2a: Zapdos|0 fnt
|faint|p2a: Zapdos
|
|-heal|p1a: Goodra|62/100 par|[from] item: Leftovers
|upkeep
|
|t:|1685903884
|switch|p2a: Urshifu|Urshifu-Rapid-Strike, M|100/100
|-damage|p2a: Urshifu|94/100|[from] Stealth Rock
|turn|28
|
|t:|1685903890
|switch|p2a: Gholdengo|Gholdengo|88/100
|-damage|p2a: Gholdengo|82/100|[from] Stealth Rock
|cant|p1a: Goodra|par
|
|-heal|p1a: Goodra|68/100 par|[from] item: Leftovers
|upkeep
|turn|29
|
|t:|1685903896
|move|p2a: Gholdengo|Reflect|p2a: Gholdengo
|-sidestart|p2: KogasScarf|Reflect
|move|p1a: Goodra|Heavy Slam|p2a: Gholdengo
|-resisted|p2a: Gholdengo
|-damage|p2a: Gholdengo|76/100
|
|-heal|p1a: Goodra|74/100 par|[from] item: Leftovers
|upkeep
|turn|30
|
|t:|1685903901
|move|p2a: Gholdengo|Light Screen|p2a: Gholdengo
|-sidestart|p2: KogasScarf|move: Light Screen
|cant|p1a: Goodra|par
|
|-heal|p1a: Goodra|80/100 par|[from] item: Leftovers
|upkeep
|turn|31
|
|t:|1685903906
|switch|p2a: Urshifu|Urshifu-Rapid-Strike, M|94/100
|-damage|p2a: Urshifu|88/100|[from] Stealth Rock
|cant|p1a: Goodra|par
|
|-heal|p1a: Goodra|86/100 par|[from] item: Leftovers
|upkeep
|turn|32
|
|t:|1685903911
|move|p2a: Urshifu|Swords Dance|p2a: Urshifu
|-boost|p2a: Urshifu|atk|2
|cant|p1a: Goodra|par
|
|-heal|p1a: Goodra|92/100 par|[from] item: Leftovers
|upkeep
|turn|33
|
|t:|1685903926
|move|p2a: Urshifu|Swords Dance|p2a: Urshifu
|-boost|p2a: Urshifu|atk|2
|cant|p1a: Goodra|par
|
|-heal|p1a: Goodra|98/100 par|[from] item: Leftovers
|upkeep
|turn|34
|
|t:|1685903932
|move|p2a: Urshifu|Swords Dance|p2a: Urshifu
|-boost|p2a: Urshifu|atk|2
|move|p1a: Goodra|Body Press|p2a: Urshifu
|-damage|p2a: Urshifu|51/100
|
|-heal|p1a: Goodra|100/100 par|[from] item: Leftovers
|upkeep
|turn|35
|
|t:|1685903940
|-terastallize|p2a: Urshifu|Water
|move|p2a: Urshifu|Surging Strikes|p1a: Goodra
|-resisted|p1a: Goodra
|-damage|p1a: Goodra|91/100 par
|-resisted|p1a: Goodra
|-damage|p1a: Goodra|82/100 par
|-resisted|p1a: Goodra
|-damage|p1a: Goodra|73/100 par
|-hitcount|p1a: Goodra|3
|cant|p1a: Goodra|par
|
|-heal|p1a: Goodra|79/100 par|[from] item: Leftovers
|upkeep
|turn|36
|
|t:|1685903952
|move|p2a: Urshifu|Surging Strikes|p1a: Goodra
|-resisted|p1a: Goodra
|-damage|p1a: Goodra|69/100 par
|-resisted|p1a: Goodra
|-damage|p1a: Goodra|60/100 par
|-resisted|p1a: Goodra
|-damage|p1a: Goodra|50/100 par
|-hitcount|p1a: Goodra|3
|cant|p1a: Goodra|par
|
|-heal|p1a: Goodra|56/100 par|[from] item: Leftovers
|-sideend|p2: KogasScarf|Reflect
|upkeep
|turn|37
|inactive|KogasScarf has 120 seconds left.
|inactive|KogasScarf has 90 seconds left.
|inactive|KogasScarf has 60 seconds left.
|
|t:|1685904052
|move|p2a: Urshifu|Close Combat|p1a: Goodra
|-supereffective|p1a: Goodra
|-damage|p1a: Goodra|0 fnt
|-unboost|p2a: Urshifu|def|1
|-unboost|p2a: Urshifu|spd|1
|faint|p1a: Goodra
|
|-sideend|p2: KogasScarf|move: Light Screen
|upkeep
|
|t:|1685904068
|switch|p1a: Volcanion|Volcanion|100/100
|turn|38
|
|t:|1685904074
|move|p2a: Urshifu|Close Combat|p1a: Volcanion
|-damage|p1a: Volcanion|0 fnt
|-unboost|p2a: Urshifu|def|1
|-unboost|p2a: Urshifu|spd|1
|faint|p1a: Volcanion
|
|upkeep
|inactive|ravert0 has 120 seconds left.
|inactive|ravert0 has 90 seconds left.
|
|t:|1685904131
|switch|p1a: Arcanine|Arcanine-Hisui, F|100/100
|turn|39
|
|t:|1685904134
|switch|p2a: Gholdengo|Gholdengo|76/100
|-damage|p2a: Gholdengo|70/100|[from] Stealth Rock
|move|p1a: Arcanine|Extreme Speed|p2a: Gholdengo
|-immune|p2a: Gholdengo
|
|upkeep
|turn|40
|inactive|KogasScarf has 90 seconds left.
|
|t:|1685904140
|switch|p1a: Kleavor|Kleavor, M|53/100 par
|move|p2a: Gholdengo|Reflect|p2a: Gholdengo
|-sidestart|p2: KogasScarf|Reflect
|
|upkeep
|turn|41
|
|t:|1685904148
|move|p1a: Kleavor|U-turn|p2a: Gholdengo
|-resisted|p2a: Gholdengo
|-damage|p2a: Gholdengo|66/100
|
|t:|1685904153
|switch|p1a: Great Tusk|Great Tusk|100/100|[from] U-turn
|move|p2a: Gholdengo|Make It Rain|p1a: Great Tusk
|-damage|p1a: Great Tusk|23/100
|-unboost|p2a: Gholdengo|spa|1
|
|upkeep
|turn|42
|
|t:|1685904162
|move|p1a: Great Tusk|Headlong Rush|p2a: Gholdengo
|-supereffective|p2a: Gholdengo
|-damage|p2a: Gholdengo|25/100
|-unboost|p1a: Great Tusk|def|1
|-unboost|p1a: Great Tusk|spd|1
|-enditem|p1a: Great Tusk|Eject Pack
|
|t:|1685904165
|-end|p1a: Great Tusk|Protosynthesis|[silent]
|switch|p1a: Basculegion|Basculegion-F, F|100/100
|move|p2a: Gholdengo|Make It Rain|p1a: Basculegion
|-resisted|p1a: Basculegion
|-damage|p1a: Basculegion|82/100
|-unboost|p2a: Gholdengo|spa|1
|
|-heal|p1a: Basculegion|88/100|[from] item: Leftovers
|upkeep
|turn|43
|
|t:|1685904173
|move|p1a: Basculegion|Shadow Ball|p2a: Gholdengo
|-supereffective|p2a: Gholdengo
|-damage|p2a: Gholdengo|0 fnt
|faint|p2a: Gholdengo
|
|-heal|p1a: Basculegion|94/100|[from] item: Leftovers
|upkeep
|
|t:|1685904178
|switch|p2a: Heatran|Heatran, M, shiny|100/100
|-damage|p2a: Heatran|88/100|[from] Stealth Rock
|-item|p2a: Heatran|Air Balloon
|turn|44
|
|t:|1685904190
|move|p1a: Basculegion|Agility|p1a: Basculegion
|-boost|p1a: Basculegion|spe|2
|move|p2a: Heatran|Magma Storm|p1a: Basculegion
|-resisted|p1a: Basculegion
|-damage|p1a: Basculegion|71/100
|-activate|p1a: Basculegion|move: Magma Storm|[of] p2a: Heatran
|
|-heal|p1a: Basculegion|77/100|[from] item: Leftovers
|-damage|p1a: Basculegion|65/100|[from] move: Magma Storm|[partiallytrapped]
|upkeep
|turn|45
|
|t:|1685904203
|move|p1a: Basculegion|Hydro Pump|p2a: Heatran
|-supereffective|p2a: Heatran
|-crit|p2a: Heatran
|-damage|p2a: Heatran|0 fnt
|-enditem|p2a: Heatran|Air Balloon
|faint|p2a: Heatran
|
|-heal|p1a: Basculegion|71/100|[from] item: Leftovers
|-end|p1a: Basculegion|Magma Storm|[partiallytrapped]|[silent]
|upkeep
|
|t:|1685904210
|switch|p2a: Urshifu|Urshifu-Rapid-Strike, M, tera:Water|51/100
|-damage|p2a: Urshifu|38/100|[from] Stealth Rock
|turn|46
|
|t:|1685904214
|move|p1a: Basculegion|Shadow Ball|p2a: Urshifu
|-damage|p2a: Urshifu|0 fnt
|faint|p2a: Urshifu
|
|-heal|p1a: Basculegion|77/100|[from] item: Leftovers
|upkeep
|
|t:|1685904217
|switch|p2a: Chien-Pao|Chien-Pao|100/100
|-damage|p2a: Chien-Pao|76/100|[from] Stealth Rock
|-ability|p2a: Chien-Pao|Sword of Ruin
|turn|47
|
|t:|1685904236
|-terastallize|p1a: Basculegion|Water
|move|p1a: Basculegion|Hydro Pump|p2a: Chien-Pao
|-damage|p2a: Chien-Pao|0 fnt
|faint|p2a: Chien-Pao
|
|win|ravert0
|raw|ravert0's rating: 1420 → 1441(+21 for winning)
|raw|KogasScarf's rating: 1432 → 1411(-21 for losing)
|c|☆ravert0|gg
|l|☆KogasScarf
