|j|☆NGropiusHarmony
|j|☆3vtyr
|t:|1685890395
|gametype|singles
|player|p1|NGropiusHarmony|n|1078
|player|p2|3vtyr|koga|1166
|teamsize|p1|6
|teamsize|p2|6
|gen|9
|tier|[Gen 9] OU
|rated|
|rule|Sleep Clause Mod: Limit one foe put to sleep
|rule|Species Clause: Limit one of each Pokémon
|rule|OHKO Clause: OHKO moves are banned
|rule|Evasion Items Clause: Evasion items are banned
|rule|Evasion Moves Clause: Evasion moves are banned
|rule|Endless Battle Clause: Forcing endless battles is banned
|rule|HP Percentage Mod: HP is shown in percentages
|clearpoke
|poke|p1|Zamazenta-*|
|poke|p1|Goodra-Hisui, F|
|poke|p1|Meloetta|
|poke|p1|Magearna|
|poke|p1|Chien-Pao|
|poke|p1|Samurott-Hisui, M|
|poke|p2|Arcanine-Hisui, F|
|poke|p2|Tyranitar, F|
|poke|p2|Gholdengo|
|poke|p2|Iron Treads|
|poke|p2|Kricketune, M|
|poke|p2|Kleavor, M|
|teampreview
|inactive|Battle timer is ON: inactive players will automatically lose when time's up. (requested by NGropiusHarmony)
|
|t:|1685890402
|start
|switch|p1a: Samurott|Samurott-Hisui, M|100/100
|switch|p2a: Kricketune|Kricketune, M|100/100
|turn|1
|
|t:|1685890410
|-terastallize|p1a: Samurott|Water
|move|p2a: Kricketune|Pounce|p1a: Samurott
|-damage|p1a: Samurott|68/100
|-unboost|p1a: Samurott|spe|1
|move|p1a: Samurott|Ceaseless Edge|p2a: Kricketune
|-damage|p2a: Kricketune|32/100
|-sidestart|p2: 3vtyr|Spikes
|
|upkeep
|turn|2
|
|t:|1685890424
|switch|p1a: Magearna|Magearna|100/100
|move|p2a: Kricketune|Sticky Web|p1a: Magearna
|-sidestart|p1: NGropiusHarmony|move: Sticky Web
|
|upkeep
|turn|3
|
|t:|1685890446
|move|p2a: Kricketune|Taunt|p1a: Magearna
|-start|p1a: Magearna|move: Taunt
|move|p1a: Magearna|Flash Cannon|p2a: Kricketune
|-damage|p2a: Kricketune|0 fnt
|faint|p2a: Kricketune
|-ability|p1a: Magearna|Soul-Heart|boost
|-boost|p1a: Magearna|spa|1
|
|upkeep
|
|t:|1685890459
|switch|p2a: Iron Treads|Iron Treads|100/100
|-damage|p2a: Iron Treads|88/100|[from] Spikes
|turn|4
|
|t:|1685890465
|move|p2a: Iron Treads|Rapid Spin|p1a: Magearna
|-resisted|p1a: Magearna
|-damage|p1a: Magearna|95/100
|-boost|p2a: Iron Treads|spe|1
|-sideend|p2: 3vtyr|Spikes|[from] move: Rapid Spin|[of] p2a: Iron Treads
|move|p1a: Magearna|Focus Blast|p2a: Iron Treads|[miss]
|-miss|p1a: Magearna|p2a: Iron Treads
|
|upkeep
|turn|5
|
|t:|1685890472
|move|p2a: Iron Treads|Earthquake|p1a: Magearna
|-supereffective|p1a: Magearna
|-damage|p1a: Magearna|18/100
|move|p1a: Magearna|Focus Blast|p2a: Iron Treads
|-supereffective|p2a: Iron Treads
|-damage|p2a: Iron Treads|0 fnt
|faint|p2a: Iron Treads
|-ability|p1a: Magearna|Soul-Heart|boost
|-boost|p1a: Magearna|spa|1
|-end|p2a: Iron Treads|Quark Drive|[silent]
|
|-end|p1a: Magearna|move: Taunt
|upkeep
|
|t:|1685890479
|switch|p2a: Kleavor|Kleavor, M|100/100
|turn|6
|
|t:|1685890485
|move|p2a: Kleavor|Close Combat|p1a: Magearna
|-damage|p1a: Magearna|0 fnt
|-unboost|p2a: Kleavor|def|1
|-unboost|p2a: Kleavor|spd|1
|faint|p1a: Magearna
|
|upkeep
|
|t:|1685890507
|switch|p1a: Zamazenta|Zamazenta-Crowned|100/100
|-activate|p1a: Zamazenta|move: Sticky Web
|-unboost|p1a: Zamazenta|spe|1
|-ability|p1a: Zamazenta|Dauntless Shield|boost
|-boost|p1a: Zamazenta|def|1
|turn|7
|
|t:|1685890520
|move|p2a: Kleavor|Close Combat|p1a: Zamazenta
|-supereffective|p1a: Zamazenta
|-damage|p1a: Zamazenta|72/100
|-unboost|p2a: Kleavor|def|1
|-unboost|p2a: Kleavor|spd|1
|move|p1a: Zamazenta|Reflect|p1a: Zamazenta
|-sidestart|p1: NGropiusHarmony|Reflect
|
|upkeep
|turn|8
|
|t:|1685890532
|move|p2a: Kleavor|Stone Axe|p1a: Zamazenta|[miss]
|-miss|p2a: Kleavor|p1a: Zamazenta
|move|p1a: Zamazenta|Body Press|p2a: Kleavor
|-damage|p2a: Kleavor|0 fnt
|faint|p2a: Kleavor
|
|upkeep
|
|t:|1685890535
|switch|p2a: Gholdengo|Gholdengo|100/100
|turn|9
|
|t:|1685890554
|switch|p1a: Chien-Pao|Chien-Pao|100/100
|-activate|p1a: Chien-Pao|move: Sticky Web
|-unboost|p1a: Chien-Pao|spe|1
|-ability|p1a: Chien-Pao|Sword of Ruin
|move|p2a: Gholdengo|Focus Blast|p1a: Chien-Pao
|-supereffective|p1a: Chien-Pao
|-damage|p1a: Chien-Pao|0 fnt
|faint|p1a: Chien-Pao
|
|upkeep
|
|t:|1685890570
|switch|p1a: Samurott|Samurott-Hisui, M, tera:Water|68/100
|-activate|p1a: Samurott|move: Sticky Web
|-unboost|p1a: Samurott|spe|1
|turn|10
|
|t:|1685890575
|move|p2a: Gholdengo|Focus Blast|p1a: Samurott|[miss]
|-miss|p2a: Gholdengo|p1a: Samurott
|move|p1a: Samurott|Ceaseless Edge|p2a: Gholdengo
|-supereffective|p2a: Gholdengo
|-damage|p2a: Gholdengo|29/100
|-sidestart|p2: 3vtyr|Spikes
|
|upkeep
|turn|11
|
|t:|1685890583
|move|p1a: Samurott|Aqua Jet|p2a: Gholdengo
|-damage|p2a: Gholdengo|0 fnt
|faint|p2a: Gholdengo
|
|-sideend|p1: NGropiusHarmony|Reflect
|upkeep
|
|t:|1685890587
|switch|p2a: Tyranitar|Tyranitar, F|100/100
|-damage|p2a: Tyranitar|88/100|[from] Spikes
|-weather|Sandstorm|[from] ability: Sand Stream|[of] p2a: Tyranitar
|turn|12
|
|t:|1685890593
|move|p1a: Samurott|Aqua Jet|p2a: Tyranitar
|-supereffective|p2a: Tyranitar
|-crit|p2a: Tyranitar
|-damage|p2a: Tyranitar|12/100
|move|p2a: Tyranitar|Stone Edge|p1a: Samurott
|-damage|p1a: Samurott|0 fnt
|faint|p1a: Samurott
|
|-weather|Sandstorm|[upkeep]
|-heal|p2a: Tyranitar|18/100|[from] item: Leftovers
|upkeep
|
|t:|1685890611
|switch|p1a: Zamazenta|Zamazenta-Crowned|72/100
|-activate|p1a: Zamazenta|move: Sticky Web
|-unboost|p1a: Zamazenta|spe|1
|turn|13
|
|t:|1685890618
|move|p2a: Tyranitar|Earthquake|p1a: Zamazenta
|-supereffective|p1a: Zamazenta
|-damage|p1a: Zamazenta|33/100
|move|p1a: Zamazenta|Body Press|p2a: Tyranitar
|-supereffective|p2a: Tyranitar
|-damage|p2a: Tyranitar|0 fnt
|faint|p2a: Tyranitar
|
|-weather|Sandstorm|[upkeep]
|upkeep
|
|t:|1685890621
|switch|p2a: Arcanine|Arcanine-Hisui, F|100/100
|-damage|p2a: Arcanine|88/100|[from] Spikes
|turn|14
|
|t:|1685890632
|move|p2a: Arcanine|Flare Blitz|p1a: Zamazenta
|-supereffective|p1a: Zamazenta
|-damage|p1a: Zamazenta|0 fnt
|faint|p1a: Zamazenta
|
|-weather|Sandstorm|[upkeep]
|upkeep
|
|t:|1685890638
|switch|p1a: Goodra|Goodra-Hisui, F|100/100
|-activate|p1a: Goodra|move: Sticky Web
|-unboost|p1a: Goodra|spe|1
|turn|15
|
|t:|1685890645
|-terastallize|p2a: Arcanine|Rock
|move|p2a: Arcanine|Flare Blitz|p1a: Goodra
|-damage|p1a: Goodra|17/100
|move|p1a: Goodra|Surf|p2a: Arcanine
|-supereffective|p2a: Arcanine
|-damage|p2a: Arcanine|54/100
|
|-weather|Sandstorm|[upkeep]
|upkeep
|turn|16
|
|t:|1685890654
|move|p2a: Arcanine|Flare Blitz|p1a: Goodra
|-damage|p1a: Goodra|0 fnt
|faint|p1a: Goodra
|
|-weather|none
|upkeep
|
|t:|1685890659
|switch|p1a: Meloetta|Meloetta|100/100
|-activate|p1a: Meloetta|move: Sticky Web
|-unboost|p1a: Meloetta|spe|1
|turn|17
|
|t:|1685890669
|move|p2a: Arcanine|Flare Blitz|p1a: Meloetta
|-crit|p1a: Meloetta
|-enditem|p1a: Meloetta|Focus Sash
|-damage|p1a: Meloetta|1/100
|move|p1a: Meloetta|Hyper Voice|p2a: Arcanine
|-resisted|p2a: Arcanine
|-damage|p2a: Arcanine|22/100
|
|upkeep
|turn|18
|-message|NGropiusHarmony forfeited.
|
|win|3vtyr
|raw|NGropiusHarmony's rating: 1078 → 1062(-16 for losing)
|raw|3vtyr's rating: 1166 → 1185(+19 for winning)
|l|☆NGropiusHarmony
