|j|☆Devipokemon17
|j|☆Standard_FV
|t:|1685827425
|gametype|singles
|player|p1|Devipokemon17|lucas|1461
|player|p2|Standard_FV|266|1565
|teamsize|p1|6
|teamsize|p2|6
|gen|9
|tier|[Gen 9] OU
|rated|
|rule|Sleep Clause Mod: Limit one foe put to sleep
|rule|Species Clause: Limit one of each Pokémon
|rule|OHKO Clause: OHKO moves are banned
|rule|Evasion Items Clause: Evasion items are banned
|rule|Evasion Moves Clause: Evasion moves are banned
|rule|Endless Battle Clause: Forcing endless battles is banned
|rule|HP Percentage Mod: HP is shown in percentages
|clearpoke
|poke|p1|Kleavor, M|
|poke|p1|Ditto|
|poke|p1|Magearna|
|poke|p1|Urshifu-*, M|
|poke|p1|Chien-Pao|
|poke|p1|Iron Moth|
|poke|p2|Skeledirge, M|
|poke|p2|Volcanion|
|poke|p2|Ting-Lu|
|poke|p2|Glimmora, F|
|poke|p2|Heatran, M|
|poke|p2|Urshifu-*, M|
|teampreview
|inactive|Battle timer is ON: inactive players will automatically lose when time's up. (requested by Standard_FV)
|
|t:|1685827444
|start
|switch|p1a: Kleavor|Kleavor, M|100/100
|switch|p2a: Volcanion|Volcanion|100/100
|turn|1
|
|t:|1685827449
|move|p1a: Kleavor|Stone Axe|p2a: Volcanion
|-supereffective|p2a: Volcanion
|-crit|p2a: Volcanion
|-damage|p2a: Volcanion|0 fnt
|-sidestart|p2: Standard_FV|move: Stealth Rock
|faint|p2a: Volcanion
|
|upkeep
|
|t:|1685827456
|switch|p2a: Urshifu|Urshifu-Rapid-Strike, M|100/100
|-damage|p2a: Urshifu|94/100|[from] Stealth Rock
|turn|2
|inactive|Devipokemon17 has 120 seconds left.
|inactive|Devipokemon17 has 90 seconds left.
|
|t:|1685827522
|switch|p1a: Iron Moth|Iron Moth|100/100
|move|p2a: Urshifu|Surging Strikes|p1a: Iron Moth
|-supereffective|p1a: Iron Moth
|-crit|p1a: Iron Moth
|-damage|p1a: Iron Moth|25/100
|-supereffective|p1a: Iron Moth
|-crit|p1a: Iron Moth
|-damage|p1a: Iron Moth|0 fnt
|faint|p1a: Iron Moth
|-end|p1a: Iron Moth|Quark Drive|[silent]
|-hitcount|p1: Iron Moth|2
|
|upkeep
|
|t:|1685827530
|switch|p1a: Magearna|Magearna|100/100
|turn|3
|inactive|Devipokemon17 has 90 seconds left.
|
|t:|1685827552
|switch|p2a: Skeledirge|Skeledirge, M|100/100
|switch|p1a: Urshifu|Urshifu-Rapid-Strike, M|100/100
|
|upkeep
|turn|4
|
|t:|1685827571
|-terastallize|p2a: Skeledirge|Fairy
|move|p1a: Urshifu|Surging Strikes|p2a: Skeledirge
|-crit|p2a: Skeledirge
|-damage|p2a: Skeledirge|77/100
|-crit|p2a: Skeledirge
|-damage|p2a: Skeledirge|54/100
|-crit|p2a: Skeledirge
|-damage|p2a: Skeledirge|29/100
|-hitcount|p2a: Skeledirge|3
|move|p2a: Skeledirge|Will-O-Wisp|p1a: Urshifu
|-status|p1a: Urshifu|brn
|
|-damage|p1a: Urshifu|94/100 brn|[from] brn
|upkeep
|turn|5
|
|t:|1685827591
|move|p1a: Urshifu|Surging Strikes|p2a: Skeledirge
|-crit|p2a: Skeledirge
|-damage|p2a: Skeledirge|18/100
|-crit|p2a: Skeledirge
|-damage|p2a: Skeledirge|5/100
|-crit|p2a: Skeledirge
|-damage|p2a: Skeledirge|0 fnt
|faint|p2a: Skeledirge
|-hitcount|p2: Skeledirge|3
|
|-damage|p1a: Urshifu|88/100 brn|[from] brn
|upkeep
|
|t:|1685827596
|switch|p2a: Urshifu|Urshifu-Rapid-Strike, M|94/100
|-damage|p2a: Urshifu|88/100|[from] Stealth Rock
|turn|6
|inactive|Devipokemon17 has 60 seconds left.
|
|t:|1685827626
|switch|p1a: Ditto|Ditto|100/100
|-transform|p1a: Ditto|p2a: Urshifu|[from] ability: Imposter
|move|p2a: Urshifu|Swords Dance|p2a: Urshifu
|-boost|p2a: Urshifu|atk|2
|
|upkeep
|turn|7
|
|t:|1685827635
|switch|p1a: Urshifu|Urshifu-Rapid-Strike, M|88/100 brn
|move|p2a: Urshifu|Surging Strikes|p1a: Urshifu
|-resisted|p1a: Urshifu
|-crit|p1a: Urshifu
|-damage|p1a: Urshifu|66/100 brn
|-resisted|p1a: Urshifu
|-crit|p1a: Urshifu
|-damage|p1a: Urshifu|44/100 brn
|-resisted|p1a: Urshifu
|-crit|p1a: Urshifu
|-damage|p1a: Urshifu|21/100 brn
|-hitcount|p1a: Urshifu|3
|
|-damage|p1a: Urshifu|15/100 brn|[from] brn
|upkeep
|turn|8
|
|t:|1685827645
|move|p2a: Urshifu|Aqua Jet|p1a: Urshifu
|-resisted|p1a: Urshifu
|-damage|p1a: Urshifu|0 fnt
|faint|p1a: Urshifu
|
|upkeep
|
|t:|1685827649
|switch|p1a: Ditto|Ditto|100/100
|-transform|p1a: Ditto|p2a: Urshifu|[from] ability: Imposter
|turn|9
|
|t:|1685827655
|move|p1a: Ditto|Close Combat|p2a: Urshifu
|-damage|p2a: Urshifu|0 fnt
|-unboost|p1a: Ditto|def|1
|-unboost|p1a: Ditto|spd|1
|faint|p2a: Urshifu
|
|upkeep
|
|t:|1685827664
|switch|p2a: Ting-Lu|Ting-Lu|100/100
|-damage|p2a: Ting-Lu|94/100|[from] Stealth Rock
|-ability|p2a: Ting-Lu|Vessel of Ruin
|turn|10
|inactive|Devipokemon17 has 90 seconds left.
|
|t:|1685827678
|move|p2a: Ting-Lu|Protect|p2a: Ting-Lu
|-singleturn|p2a: Ting-Lu|Protect
|move|p1a: Ditto|Close Combat|p2a: Ting-Lu
|-supereffective|p2a: Ting-Lu
|-damage|p2a: Ting-Lu|0 fnt
|-unboost|p1a: Ditto|def|1
|-unboost|p1a: Ditto|spd|1
|faint|p2a: Ting-Lu
|
|upkeep
|
|t:|1685827684
|switch|p2a: Glimmora|Glimmora, F|100/100
|-damage|p2a: Glimmora|88/100|[from] Stealth Rock
|-item|p2a: Glimmora|Air Balloon
|turn|11
|
|t:|1685827688
|move|p1a: Ditto|Close Combat|p2a: Glimmora
|-damage|p2a: Glimmora|0 fnt
|-unboost|p1a: Ditto|def|1
|-unboost|p1a: Ditto|spd|1
|-enditem|p2a: Glimmora|Air Balloon
|faint|p2a: Glimmora
|
|upkeep
|
|t:|1685827690
|switch|p2a: Heatran|Heatran, M|100/100
|-damage|p2a: Heatran|88/100|[from] Stealth Rock
|turn|12
|
|t:|1685827692
|move|p1a: Ditto|Close Combat|p2a: Heatran
|-supereffective|p2a: Heatran
|-damage|p2a: Heatran|0 fnt
|-unboost|p1a: Ditto|def|1
|-unboost|p1a: Ditto|spd|1
|faint|p2a: Heatran
|
|win|Devipokemon17
|raw|Devipokemon17's rating: 1461 → 1487(+26 for winning)
|raw|Standard_FV's rating: 1565 → 1539(-26 for losing)
|l|☆Standard_FV
