|j|☆porygon-weed
|j|☆Sencopion
|t:|1685839329
|gametype|singles
|player|p1|porygon-weed|steven|1125
|player|p2|Sencopion|hiker-gen4|1127
|teamsize|p1|6
|teamsize|p2|6
|gen|9
|tier|[Gen 9] OU
|rated|
|rule|Sleep Clause Mod: Limit one foe put to sleep
|rule|Species Clause: Limit one of each Pokémon
|rule|OHKO Clause: OHKO moves are banned
|rule|Evasion Items Clause: Evasion items are banned
|rule|Evasion Moves Clause: Evasion moves are banned
|rule|Endless Battle Clause: Forcing endless battles is banned
|rule|HP Percentage Mod: HP is shown in percentages
|clearpoke
|poke|p1|Arcanine-Hisui, F|
|poke|p1|Slowking, M|
|poke|p1|Goodra-Hisui, M|
|poke|p1|Thundurus-Therian, M|
|poke|p1|Chien-Pao|
|poke|p1|Decidueye-Hisui, M|
|poke|p2|Basculegion, M|
|poke|p2|Great Tusk|
|poke|p2|Goodra-Hisui, M|
|poke|p2|Corviknight, M|
|poke|p2|Thundurus, M|
|poke|p2|Volcarona, F|
|teampreview
|inactive|Battle timer is ON: inactive players will automatically lose when time's up. (requested by Sencopion)
|
|t:|1685839350
|start
|switch|p1a: Da Boy|Slowking, M|100/100
|switch|p2a: Thundurus|Thundurus, M|100/100
|turn|1
|
|t:|1685839370
|switch|p1a: A Fast Mon|Thundurus-Therian, M|100/100
|move|p2a: Thundurus|Volt Switch|p1a: A Fast Mon
|-immune|p1a: A Fast Mon|[from] ability: Volt Absorb
|
|upkeep
|turn|2
|
|t:|1685839386
|switch|p2a: Goodra|Goodra-Hisui, M|100/100
|-terastallize|p1a: A Fast Mon|Ice
|move|p1a: A Fast Mon|Tera Blast|p2a: Goodra
|-damage|p2a: Goodra|71/100
|
|upkeep
|turn|3
|
|t:|1685839394
|switch|p1a: birb|Decidueye-Hisui, M, shiny|100/100
|move|p2a: Goodra|Flash Cannon|p1a: birb
|-damage|p1a: birb|62/100
|
|upkeep
|turn|4
|
|t:|1685839404
|-terastallize|p2a: Goodra|Fairy
|move|p1a: birb|Triple Arrows|p2a: Goodra
|-resisted|p2a: Goodra
|-damage|p2a: Goodra|49/100
|-unboost|p2a: Goodra|def|1
|move|p2a: Goodra|Flamethrower|p1a: birb
|-supereffective|p1a: birb
|-damage|p1a: birb|8/100
|
|upkeep
|turn|5
|
|t:|1685839414
|move|p1a: birb|U-turn|p2a: Goodra
|-resisted|p2a: Goodra
|-crit|p2a: Goodra
|-damage|p2a: Goodra|22/100
|
|t:|1685839425
|switch|p1a: Head Smash|Arcanine-Hisui, F, shiny|100/100|[from] U-turn
|move|p2a: Goodra|Flamethrower|p1a: Head Smash
|-resisted|p1a: Head Smash
|-damage|p1a: Head Smash|91/100
|
|upkeep
|turn|6
|
|t:|1685839442
|switch|p2a: Great Tusk|Great Tusk|100/100
|move|p1a: Head Smash|Head Smash|p2a: Great Tusk
|-resisted|p2a: Great Tusk
|-damage|p2a: Great Tusk|84/100
|-damage|p1a: Head Smash|81/100|[from] item: Life Orb
|
|upkeep
|turn|7
|
|t:|1685839454
|switch|p1a: Da Boy|Slowking, M|100/100
|move|p2a: Great Tusk|Knock Off|p1a: Da Boy
|-supereffective|p1a: Da Boy
|-damage|p1a: Da Boy|34/100
|-enditem|p1a: Da Boy|Heavy-Duty Boots|[from] move: Knock Off|[of] p2a: Great Tusk
|
|upkeep
|turn|8
|
|t:|1685839462
|switch|p1a: Mega Weavile|Chien-Pao|100/100
|-ability|p1a: Mega Weavile|Sword of Ruin
|move|p2a: Great Tusk|Knock Off|p1a: Mega Weavile
|-resisted|p1a: Mega Weavile
|-damage|p1a: Mega Weavile|75/100
|-enditem|p1a: Mega Weavile|Choice Scarf|[from] move: Knock Off|[of] p2a: Great Tusk
|
|upkeep
|turn|9
|
|t:|1685839472
|-end|p2a: Great Tusk|Protosynthesis|[silent]
|switch|p2a: Corviknight|Corviknight, M|100/100
|-ability|p2a: Corviknight|Pressure
|move|p1a: Mega Weavile|Ice Spinner|p2a: Corviknight
|-damage|p2a: Corviknight|70/100
|
|-heal|p2a: Corviknight|76/100|[from] item: Leftovers
|upkeep
|turn|10
|inactive|porygon-weed has 120 seconds left.
|
|t:|1685839504
|move|p1a: Mega Weavile|Ice Shard|p2a: Corviknight
|-damage|p2a: Corviknight|60/100
|move|p2a: Corviknight|Body Press|p1a: Mega Weavile
|-supereffective|p1a: Mega Weavile
|-damage|p1a: Mega Weavile|0 fnt
|faint|p1a: Mega Weavile
|
|-heal|p2a: Corviknight|66/100|[from] item: Leftovers
|upkeep
|inactive|porygon-weed has 120 seconds left.
|
|t:|1685839512
|switch|p1a: Head Smash|Arcanine-Hisui, F, shiny|81/100
|turn|11
|
|t:|1685839522
|switch|p2a: Great Tusk|Great Tusk|84/100
|move|p1a: Head Smash|Wild Charge|p2a: Great Tusk
|-immune|p2a: Great Tusk
|
|upkeep
|turn|12
|inactive|porygon-weed has 120 seconds left.
|
|t:|1685839538
|switch|p1a: birb|Decidueye-Hisui, M, shiny|8/100
|move|p2a: Great Tusk|Knock Off|p1a: birb
|-resisted|p1a: birb
|-damage|p1a: birb|0 fnt
|-enditem|p1a: birb|Heavy-Duty Boots|[from] move: Knock Off|[of] p2a: Great Tusk
|faint|p1a: birb
|
|upkeep
|inactive|porygon-weed has 120 seconds left.
|
|t:|1685839548
|switch|p1a: its wet|Goodra-Hisui, M|100/100
|turn|13
|
|t:|1685839554
|move|p2a: Great Tusk|Headlong Rush|p1a: its wet
|-supereffective|p1a: its wet
|-damage|p1a: its wet|0 fnt
|-unboost|p2a: Great Tusk|def|1
|-unboost|p2a: Great Tusk|spd|1
|faint|p1a: its wet
|
|upkeep
|
|t:|1685839563
|switch|p1a: A Fast Mon|Thundurus-Therian, M, tera:Ice|100/100
|turn|14
|
|t:|1685839578
|-end|p2a: Great Tusk|Protosynthesis|[silent]
|switch|p2a: Goodra|Goodra-Hisui, M, tera:Fairy|22/100
|move|p1a: A Fast Mon|Tera Blast|p2a: Goodra
|-damage|p2a: Goodra|0 fnt
|faint|p2a: Goodra
|
|upkeep
|
|t:|1685839584
|switch|p2a: Basculegion|Basculegion, M|100/100
|turn|15
|
|t:|1685839588
|switch|p1a: Da Boy|Slowking, M|68/100
|move|p2a: Basculegion|Wave Crash|p1a: Da Boy
|-resisted|p1a: Da Boy
|-damage|p1a: Da Boy|21/100
|-damage|p2a: Basculegion|85/100|[from] Recoil
|
|upkeep
|turn|16
|
|t:|1685839598
|move|p2a: Basculegion|Wave Crash|p1a: Da Boy
|-resisted|p1a: Da Boy
|-damage|p1a: Da Boy|0 fnt
|faint|p1a: Da Boy
|-damage|p2a: Basculegion|78/100|[from] Recoil
|
|upkeep
|
|t:|1685839615
|switch|p1a: Head Smash|Arcanine-Hisui, F, shiny|81/100
|turn|17
|
|t:|1685839620
|move|p2a: Basculegion|Wave Crash|p1a: Head Smash
|-supereffective|p1a: Head Smash
|-damage|p1a: Head Smash|0 fnt
|faint|p1a: Head Smash
|-damage|p2a: Basculegion|55/100|[from] Recoil
|
|upkeep
|
|t:|1685839625
|switch|p1a: A Fast Mon|Thundurus-Therian, M, tera:Ice|100/100
|turn|18
|
|t:|1685839630
|move|p2a: Basculegion|Wave Crash|p1a: A Fast Mon
|-damage|p1a: A Fast Mon|0 fnt
|faint|p1a: A Fast Mon
|-damage|p2a: Basculegion|29/100|[from] Recoil
|
|win|Sencopion
|raw|porygon-weed's rating: 1125 → 1100(-25 for losing)
|raw|Sencopion's rating: 1127 → 1152(+25 for winning)
