|j|☆DJsnor
|j|☆Nintarona
|t:|1685822105
|gametype|singles
|player|p1|DJsnor|benga|1124
|player|p2|Nintarona|roxie|1124
|teamsize|p1|6
|teamsize|p2|6
|gen|9
|tier|[Gen 9] OU
|rated|
|rule|Sleep Clause Mod: Limit one foe put to sleep
|rule|Species Clause: Limit one of each Pokémon
|rule|OHKO Clause: OHKO moves are banned
|rule|Evasion Items Clause: Evasion items are banned
|rule|Evasion Moves Clause: Evasion moves are banned
|rule|Endless Battle Clause: Forcing endless battles is banned
|rule|HP Percentage Mod: HP is shown in percentages
|clearpoke
|poke|p1|Electrode-Hisui|
|poke|p1|Sableye, F|
|poke|p1|Drednaw, M|
|poke|p1|Kleavor, M|
|poke|p1|Iron Treads|
|poke|p1|Iron Jugulis|
|poke|p2|Chien-Pao|
|poke|p2|Cinderace, M|
|poke|p2|Rotom-Wash|
|poke|p2|Gholdengo|
|poke|p2|Glimmora, F|
|poke|p2|Zapdos-Galar|
|teampreview
|
|t:|1685822116
|start
|switch|p1a: Edward|Kleavor, M, shiny|100/100
|switch|p2a: Glimmora|Glimmora, F|100/100
|turn|1
|
|t:|1685822123
|move|p1a: Edward|Stone Axe|p2a: Glimmora
|-damage|p2a: Glimmora|35/100
|-sidestart|p2: Nintarona|move: Stealth Rock
|-activate|p2a: Glimmora|ability: Toxic Debris
|-sidestart|p1: DJsnor|move: Toxic Spikes
|move|p2a: Glimmora|Mortal Spin|p1a: Edward
|-resisted|p1a: Edward
|-damage|p1a: Edward|97/100
|-status|p1a: Edward|psn
|-sideend|p2: Nintarona|Stealth Rock|[from] move: Mortal Spin|[of] p2a: Glimmora
|
|-damage|p1a: Edward|84/100 psn|[from] psn
|upkeep
|turn|2
|
|t:|1685822162
|switch|p2a: Rotom|Rotom-Wash|100/100
|move|p1a: Edward|Stone Axe|p2a: Rotom
|-damage|p2a: Rotom|57/100
|-sidestart|p2: Nintarona|move: Stealth Rock
|
|-damage|p1a: Edward|72/100 psn|[from] psn
|upkeep
|turn|3
|
|t:|1685822172
|switch|p1a: Kurt|Electrode-Hisui, shiny|100/100
|-status|p1a: Kurt|psn
|move|p2a: Rotom|Hydro Pump|p1a: Kurt|[miss]
|-miss|p2a: Rotom|p1a: Kurt
|
|-damage|p1a: Kurt|88/100 psn|[from] psn
|upkeep
|turn|4
|
|t:|1685822193
|switch|p2a: Cinderace|Cinderace, M|100/100
|move|p1a: Kurt|Giga Drain|p2a: Cinderace
|-resisted|p2a: Cinderace
|-damage|p2a: Cinderace|73/100
|-heal|p1a: Kurt|100/100 psn|[from] drain|[of] p2a: Cinderace
|-damage|p1a: Kurt|91/100 psn|[from] item: Life Orb
|
|-damage|p1a: Kurt|78/100 psn|[from] psn
|upkeep
|turn|5
|
|t:|1685822206
|move|p1a: Kurt|Volt Switch|p2a: Cinderace
|-damage|p2a: Cinderace|25/100
|-damage|p1a: Kurt|68/100 psn|[from] item: Life Orb
|
|t:|1685822212
|switch|p1a: Gold Goblin|Sableye, F, shiny|100/100|[from] Volt Switch
|-status|p1a: Gold Goblin|psn
|move|p2a: Cinderace|Pyro Ball|p1a: Gold Goblin
|-damage|p1a: Gold Goblin|40/100 psn
|
|-heal|p1a: Gold Goblin|47/100 psn|[from] item: Leftovers
|-damage|p1a: Gold Goblin|34/100 psn|[from] psn
|upkeep
|turn|6
|
|t:|1685822222
|switch|p2a: Gholdengo|Gholdengo|100/100
|-damage|p2a: Gholdengo|94/100|[from] Stealth Rock
|move|p1a: Gold Goblin|Shadow Sneak|p2a: Gholdengo
|-supereffective|p2a: Gholdengo
|-damage|p2a: Gholdengo|71/100
|
|-heal|p1a: Gold Goblin|40/100 psn|[from] item: Leftovers
|-damage|p1a: Gold Goblin|28/100 psn|[from] psn
|upkeep
|turn|7
|
|t:|1685822232
|move|p2a: Gholdengo|Shadow Ball|p1a: Gold Goblin
|-damage|p1a: Gold Goblin|0 fnt
|faint|p1a: Gold Goblin
|
|upkeep
|
|t:|1685822237
|switch|p1a: Don Bot|Iron Treads|100/100
|turn|8
|
|t:|1685822244
|switch|p2a: Rotom|Rotom-Wash|57/100
|-damage|p2a: Rotom|45/100|[from] Stealth Rock
|move|p1a: Don Bot|Earthquake|p2a: Rotom
|-immune|p2a: Rotom|[from] ability: Levitate
|
|upkeep
|turn|9
|l|☆DJsnor
|player|p1|
|j|☆DJsnor
|player|p1|DJsnor|benga
|
|t:|1685822274
|move|p2a: Rotom|Trick|p1a: Don Bot
|-activate|p2a: Rotom|move: Trick|[of] p1a: Don Bot
|-item|p1a: Don Bot|Choice Scarf|[from] move: Trick
|-item|p2a: Rotom|Assault Vest|[from] move: Trick
|move|p1a: Don Bot|Rapid Spin|p2a: Rotom
|-damage|p2a: Rotom|34/100
|-boost|p1a: Don Bot|spe|1
|-sideend|p1: DJsnor|Toxic Spikes|[from] move: Rapid Spin|[of] p1a: Don Bot
|
|upkeep
|turn|10
|
|t:|1685822284
|-end|p1a: Don Bot|Quark Drive|[silent]
|switch|p1a: Kurt|Electrode-Hisui, shiny|68/100 psn
|move|p2a: Rotom|Hydro Pump|p1a: Kurt
|-resisted|p1a: Kurt
|-damage|p1a: Kurt|39/100 psn
|
|-damage|p1a: Kurt|26/100 psn|[from] psn
|upkeep
|turn|11
|
|t:|1685822299
|-terastallize|p2a: Rotom|Steel
|move|p1a: Kurt|Giga Drain|p2a: Rotom
|-resisted|p2a: Rotom
|-damage|p2a: Rotom|22/100
|-heal|p1a: Kurt|33/100 psn|[from] drain|[of] p2a: Rotom
|-damage|p1a: Kurt|23/100 psn|[from] item: Life Orb
|move|p2a: Rotom|Volt Switch|p1a: Kurt
|-resisted|p1a: Kurt
|-damage|p1a: Kurt|14/100 psn
|
|t:|1685822326
|switch|p2a: Cinderace|Cinderace, M|25/100|[from] Volt Switch
|
|-damage|p1a: Kurt|2/100 psn|[from] psn
|upkeep
|turn|12
|
|t:|1685822336
|switch|p2a: Glimmora|Glimmora, F|35/100
|-damage|p2a: Glimmora|22/100|[from] Stealth Rock
|move|p1a: Kurt|Volt Switch|p2a: Glimmora
|-damage|p2a: Glimmora|0 fnt
|faint|p2a: Glimmora
|-damage|p1a: Kurt|0 fnt|[from] item: Life Orb
|faint|p1a: Kurt
|
|upkeep
|
|t:|1685822358
|switch|p1a: Hydra Bot|Iron Jugulis|100/100
|switch|p2a: Cinderace|Cinderace, M|25/100
|-enditem|p1a: Hydra Bot|Booster Energy
|-activate|p1a: Hydra Bot|ability: Quark Drive|[fromitem]
|-start|p1a: Hydra Bot|quarkdrivespe
|turn|13
|
|t:|1685822378
|move|p1a: Hydra Bot|Dark Pulse|p2a: Cinderace
|-damage|p2a: Cinderace|0 fnt
|faint|p2a: Cinderace
|
|upkeep
|
|t:|1685822386
|switch|p2a: Zapdos|Zapdos-Galar|100/100
|-damage|p2a: Zapdos|88/100|[from] Stealth Rock
|turn|14
|
|t:|1685822391
|move|p1a: Hydra Bot|Air Slash|p2a: Zapdos
|-supereffective|p2a: Zapdos
|-damage|p2a: Zapdos|6/100
|cant|p2a: Zapdos|flinch
|
|upkeep
|turn|15
|
|t:|1685822396
|move|p1a: Hydra Bot|Dark Pulse|p2a: Zapdos
|-resisted|p2a: Zapdos
|-damage|p2a: Zapdos|0 fnt
|faint|p2a: Zapdos
|
|upkeep
|
|t:|1685822401
|switch|p2a: Chien-Pao|Chien-Pao|100/100
|-damage|p2a: Chien-Pao|76/100|[from] Stealth Rock
|-ability|p2a: Chien-Pao|Sword of Ruin
|turn|16
|
|t:|1685822406
|move|p1a: Hydra Bot|Flash Cannon|p2a: Chien-Pao
|-supereffective|p2a: Chien-Pao
|-damage|p2a: Chien-Pao|0 fnt
|faint|p2a: Chien-Pao
|
|upkeep
|-message|Nintarona forfeited.
|
|win|DJsnor
|raw|DJsnor's rating: 1124 → 1149(+25 for winning)
|raw|Nintarona's rating: 1124 → 1099(-25 for losing)
|l|☆Nintarona
|l|☆DJsnor
|j|☆DJsnor
|player|p1|DJsnor|benga
