|j|☆123456讨厌cb牙圣
|j|☆DaColorPurpl
|t:|1685832475
|gametype|singles
|player|p1|123456讨厌cb牙圣|102|1131
|player|p2|DaColorPurpl|n|1100
|teamsize|p1|6
|teamsize|p2|6
|gen|9
|tier|[Gen 9] OU
|rated|
|rule|Sleep Clause Mod: Limit one foe put to sleep
|rule|Species Clause: Limit one of each Pokémon
|rule|OHKO Clause: OHKO moves are banned
|rule|Evasion Items Clause: Evasion items are banned
|rule|Evasion Moves Clause: Evasion moves are banned
|rule|Endless Battle Clause: Forcing endless battles is banned
|rule|HP Percentage Mod: HP is shown in percentages
|clearpoke
|poke|p1|Goodra-Hisui, F|
|poke|p1|Ursaluna, F|
|poke|p1|Pelipper, F|
|poke|p1|Glimmora, F|
|poke|p1|Basculegion-F, F|
|poke|p1|Urshifu-*, F|
|poke|p2|Decidueye-Hisui, M|
|poke|p2|Tornadus, M|
|poke|p2|Cresselia, F|
|poke|p2|Delphox, F|
|poke|p2|Gastrodon, F|
|poke|p2|Corviknight, M|
|teampreview
|inactive|Battle timer is ON: inactive players will automatically lose when time's up. (requested by DaColorPurpl)
|inactive|123456讨厌cb牙圣 also wants the timer to be on.
|
|t:|1685832491
|start
|switch|p1a: Glimmora|Glimmora, F|100/100
|switch|p2a: Delphox|Delphox, F, shiny|100/100
|turn|1
|
|t:|1685832498
|move|p1a: Glimmora|Earth Power|p2a: Delphox
|-supereffective|p2a: Delphox
|-damage|p2a: Delphox|30/100
|move|p2a: Delphox|Psyshock|p1a: Glimmora
|-supereffective|p1a: Glimmora
|-crit|p1a: Glimmora
|-damage|p1a: Glimmora|0 fnt
|faint|p1a: Glimmora
|
|upkeep
|
|t:|1685832513
|switch|p1a: Pelipper|Pelipper, F|100/100
|-weather|RainDance|[from] ability: Drizzle|[of] p1a: Pelipper
|turn|2
|
|t:|1685832528
|move|p2a: Delphox|Grass Knot|p1a: Pelipper
|-damage|p1a: Pelipper|72/100
|-item|p2a: Delphox|Choice Specs|[from] ability: Magician|[of] p1a: Pelipper
|move|p1a: Pelipper|Hurricane|p2a: Delphox
|-damage|p2a: Delphox|0 fnt
|faint|p2a: Delphox
|
|-weather|RainDance|[upkeep]
|upkeep
|
|t:|1685832543
|switch|p2a: Tornadus|Tornadus, M|100/100
|turn|3
|
|t:|1685832546
|switch|p1a: Ursaluna|Ursaluna, F, shiny|100/100
|move|p2a: Tornadus|Bleakwind Storm|p1a: Ursaluna
|-damage|p1a: Ursaluna|49/100
|-unboost|p1a: Ursaluna|spe|1
|
|-weather|RainDance|[upkeep]
|-status|p1a: Ursaluna|brn|[from] item: Flame Orb
|upkeep
|turn|4
|
|t:|1685832558
|switch|p1a: Goodra|Goodra-Hisui, F, shiny|100/100
|move|p2a: Tornadus|U-turn|p1a: Goodra
|-resisted|p1a: Goodra
|-damage|p1a: Goodra|94/100
|
|t:|1685832567
|switch|p2a: Decidueye|Decidueye-Hisui, M|100/100|[from] U-turn
|
|-weather|RainDance|[upkeep]
|upkeep
|turn|5
|
|t:|1685832576
|switch|p1a: Basculegion|Basculegion-F, F|100/100
|move|p2a: Decidueye|Swords Dance|p2a: Decidueye
|-boost|p2a: Decidueye|atk|2
|
|-weather|RainDance|[upkeep]
|upkeep
|turn|6
|
|t:|1685832586
|move|p1a: Basculegion|Ice Beam|p2a: Decidueye
|-supereffective|p2a: Decidueye
|-damage|p2a: Decidueye|29/100
|-damage|p1a: Basculegion|91/100|[from] item: Life Orb
|move|p2a: Decidueye|Trailblaze|p1a: Basculegion
|-supereffective|p1a: Basculegion
|-damage|p1a: Basculegion|0 fnt
|-boost|p2a: Decidueye|spe|1
|faint|p1a: Basculegion
|
|-weather|none
|upkeep
|
|t:|1685832594
|switch|p1a: Urshifu|Urshifu-Rapid-Strike, F|100/100
|turn|7
|
|t:|1685832600
|move|p1a: Urshifu|U-turn|p2a: Decidueye
|-damage|p2a: Decidueye|0 fnt
|faint|p2a: Decidueye
|
|t:|1685832603
|switch|p1a: Pelipper|Pelipper, F|72/100|[from] U-turn
|-weather|RainDance|[from] ability: Drizzle|[of] p1a: Pelipper
|
|-weather|RainDance|[upkeep]
|upkeep
|
|t:|1685832608
|switch|p2a: Tornadus|Tornadus, M|100/100
|turn|8
|
|t:|1685832620
|-terastallize|p1a: Pelipper|Water
|move|p2a: Tornadus|Bleakwind Storm|p1a: Pelipper
|-damage|p1a: Pelipper|0 fnt
|faint|p1a: Pelipper
|
|-weather|RainDance|[upkeep]
|upkeep
|
|t:|1685832625
|switch|p1a: Urshifu|Urshifu-Rapid-Strike, F|100/100
|turn|9
|
|t:|1685832636
|switch|p2a: Corviknight|Corviknight, M, shiny|100/100
|move|p1a: Urshifu|Surging Strikes|p2a: Corviknight
|-crit|p2a: Corviknight
|-damage|p2a: Corviknight|82/100
|-damage|p1a: Urshifu|84/100|[from] item: Rocky Helmet|[of] p2a: Corviknight
|-crit|p2a: Corviknight
|-damage|p2a: Corviknight|61/100
|-damage|p1a: Urshifu|68/100|[from] item: Rocky Helmet|[of] p2a: Corviknight
|-crit|p2a: Corviknight
|-damage|p2a: Corviknight|44/100
|-damage|p1a: Urshifu|51/100|[from] item: Rocky Helmet|[of] p2a: Corviknight
|-hitcount|p2a: Corviknight|3
|
|-weather|RainDance|[upkeep]
|upkeep
|turn|10
|
|t:|1685832646
|-terastallize|p2a: Corviknight|Water
|move|p1a: Urshifu|Surging Strikes|p2a: Corviknight
|-resisted|p2a: Corviknight
|-crit|p2a: Corviknight
|-damage|p2a: Corviknight|35/100
|-damage|p1a: Urshifu|35/100|[from] item: Rocky Helmet|[of] p2a: Corviknight
|-resisted|p2a: Corviknight
|-crit|p2a: Corviknight
|-damage|p2a: Corviknight|25/100
|-damage|p1a: Urshifu|18/100|[from] item: Rocky Helmet|[of] p2a: Corviknight
|-resisted|p2a: Corviknight
|-crit|p2a: Corviknight
|-damage|p2a: Corviknight|15/100
|-damage|p1a: Urshifu|2/100|[from] item: Rocky Helmet|[of] p2a: Corviknight
|-hitcount|p2a: Corviknight|3
|move|p2a: Corviknight|Roost|p2a: Corviknight
|-heal|p2a: Corviknight|66/100
|
|-weather|RainDance|[upkeep]
|upkeep
|turn|11
|-message|123456讨厌cb牙圣 forfeited.
|
|win|DaColorPurpl
|raw|123456讨厌cb牙圣's rating: 1131 → 1104(-27 for losing)
|raw|DaColorPurpl's rating: 1100 → 1127(+27 for winning)
|l|☆123456讨厌cb牙圣
