|j|☆TomoTaco69
|j|☆kd458
|t:|1685848220
|gametype|singles
|player|p1|TomoTaco69|2|1676
|player|p2|kd458|cynthia-masters3|1705
|teamsize|p1|6
|teamsize|p2|6
|gen|9
|tier|[Gen 9] OU
|rated|
|rule|Sleep Clause Mod: Limit one foe put to sleep
|rule|Species Clause: Limit one of each Pokémon
|rule|OHKO Clause: OHKO moves are banned
|rule|Evasion Items Clause: Evasion items are banned
|rule|Evasion Moves Clause: Evasion moves are banned
|rule|Endless Battle Clause: Forcing endless battles is banned
|rule|HP Percentage Mod: HP is shown in percentages
|clearpoke
|poke|p1|Great Tusk|
|poke|p1|Landorus-Therian, M|
|poke|p1|Magearna|
|poke|p1|Chien-Pao|
|poke|p1|Zamazenta-*|
|poke|p1|Kingambit, M|
|poke|p2|Ursaluna, M|
|poke|p2|Rillaboom, F|
|poke|p2|Sneasler, M|
|poke|p2|Hatterene, F|
|poke|p2|Skeledirge, F|
|poke|p2|Zamazenta-*|
|teampreview
|inactive|Battle timer is ON: inactive players will automatically lose when time's up. (requested by kd458)
|
|t:|1685848230
|start
|switch|p1a: Frostfang Barioth|Chien-Pao|100/100
|switch|p2a: Metro|Rillaboom, F|100/100
|-ability|p1a: Frostfang Barioth|Sword of Ruin
|-fieldstart|move: Grassy Terrain|[from] ability: Grassy Surge|[of] p2a: Metro
|turn|1
|
|t:|1685848244
|switch|p1a: Iron Maiden|Magearna|100/100
|switch|p2a: Big Dirge|Skeledirge, F|100/100
|
|upkeep
|turn|2
|
|t:|1685848248
|move|p2a: Big Dirge|Will-O-Wisp|p1a: Iron Maiden
|-status|p1a: Iron Maiden|brn
|move|p1a: Iron Maiden|Volt Switch|p2a: Big Dirge
|-crit|p2a: Big Dirge
|-damage|p2a: Big Dirge|78/100
|
|t:|1685848259
|switch|p1a: Frostfang Barioth|Chien-Pao|100/100|[from] Volt Switch
|-ability|p1a: Frostfang Barioth|Sword of Ruin
|
|-heal|p2a: Big Dirge|84/100|[from] Grassy Terrain
|upkeep
|turn|3
|
|t:|1685848268
|switch|p2a: Hercules No Thug|Sneasler, M|100/100
|-enditem|p2a: Hercules No Thug|Grassy Seed
|-boost|p2a: Hercules No Thug|def|1|[from] item: Grassy Seed
|-terastallize|p1a: Frostfang Barioth|Dark
|move|p1a: Frostfang Barioth|Crunch|p2a: Hercules No Thug
|-resisted|p2a: Hercules No Thug
|-damage|p2a: Hercules No Thug|47/100
|-unboost|p2a: Hercules No Thug|def|1
|
|-heal|p2a: Hercules No Thug|53/100|[from] Grassy Terrain
|upkeep
|turn|4
|
|t:|1685848276
|switch|p1a: OU Mascot|Landorus-Therian, M|100/100
|-ability|p1a: OU Mascot|Intimidate|boost
|-unboost|p2a: Hercules No Thug|atk|1
|move|p2a: Hercules No Thug|Swords Dance|p2a: Hercules No Thug
|-boost|p2a: Hercules No Thug|atk|2
|
|-heal|p2a: Hercules No Thug|60/100|[from] Grassy Terrain
|upkeep
|turn|5
|
|t:|1685848286
|move|p2a: Hercules No Thug|Swords Dance|p2a: Hercules No Thug
|-boost|p2a: Hercules No Thug|atk|2
|move|p1a: OU Mascot|Smack Down|p2a: Hercules No Thug
|-resisted|p2a: Hercules No Thug
|-damage|p2a: Hercules No Thug|47/100
|
|-heal|p2a: Hercules No Thug|53/100|[from] Grassy Terrain
|upkeep
|turn|6
|inactive|kd458 has 120 seconds left.
|
|t:|1685848334
|move|p2a: Hercules No Thug|Acrobatics|p1a: OU Mascot
|-damage|p1a: OU Mascot|0 fnt
|faint|p1a: OU Mascot
|
|-heal|p2a: Hercules No Thug|59/100|[from] Grassy Terrain
|upkeep
|
|t:|1685848342
|switch|p1a: Frostfang Barioth|Chien-Pao, tera:Dark|100/100
|-ability|p1a: Frostfang Barioth|Sword of Ruin
|turn|7
|
|t:|1685848349
|move|p2a: Hercules No Thug|Dire Claw|p1a: Frostfang Barioth
|-damage|p1a: Frostfang Barioth|0 fnt
|faint|p1a: Frostfang Barioth
|
|-heal|p2a: Hercules No Thug|65/100|[from] Grassy Terrain
|upkeep
|
|t:|1685848352
|switch|p1a: Iron Maiden|Magearna|100/100 brn
|turn|8
|
|t:|1685848355
|move|p2a: Hercules No Thug|Close Combat|p1a: Iron Maiden
|-damage|p1a: Iron Maiden|0 fnt
|-unboost|p2a: Hercules No Thug|def|1
|-unboost|p2a: Hercules No Thug|spd|1
|faint|p1a: Iron Maiden
|
|-heal|p2a: Hercules No Thug|72/100|[from] Grassy Terrain
|-fieldend|move: Grassy Terrain
|upkeep
|
|t:|1685848362
|switch|p1a: London System|Kingambit, M, shiny|100/100
|-activate|p1a: London System|ability: Supreme Overlord
|-start|p1a: London System|fallen3|[silent]
|turn|9
|
|t:|1685848367
|move|p1a: London System|Sucker Punch|p2a: Hercules No Thug
|-resisted|p2a: Hercules No Thug
|-damage|p2a: Hercules No Thug|11/100
|move|p2a: Hercules No Thug|Close Combat|p1a: London System
|-supereffective|p1a: London System
|-damage|p1a: London System|0 fnt
|-unboost|p2a: Hercules No Thug|def|1
|-unboost|p2a: Hercules No Thug|spd|1
|faint|p1a: London System
|-end|p1a: London System|fallen3|[silent]
|
|upkeep
|-message|TomoTaco69 forfeited.
|
|win|kd458
|raw|TomoTaco69's rating: 1676 → 1658(-18 for losing)
|raw|kd458's rating: 1705 → 1723(+18 for winning)
|l|☆TomoTaco69
