|j|☆Armeen
|j|☆erduashi
|t:|1685828924
|gametype|singles
|player|p1|Armeen|1|1635
|player|p2|erduashi|raihan|1710
|teamsize|p1|6
|teamsize|p2|6
|gen|9
|tier|[Gen 9] OU
|rated|
|rule|Sleep Clause Mod: Limit one foe put to sleep
|rule|Species Clause: Limit one of each Pokémon
|rule|OHKO Clause: OHKO moves are banned
|rule|Evasion Items Clause: Evasion items are banned
|rule|Evasion Moves Clause: Evasion moves are banned
|rule|Endless Battle Clause: Forcing endless battles is banned
|rule|HP Percentage Mod: HP is shown in percentages
|clearpoke
|poke|p1|Kleavor, M|
|poke|p1|Urshifu-*, F|
|poke|p1|Clodsire, F|
|poke|p1|Great Tusk|
|poke|p1|Braviary-Hisui, M|
|poke|p1|Sableye, F|
|poke|p2|Zamazenta-*|
|poke|p2|Abomasnow, F|
|poke|p2|Chien-Pao|
|poke|p2|Magearna|
|poke|p2|Skeledirge, M|
|poke|p2|Iron Treads|
|teampreview
|j| BatmanxD81
|inactive|Battle timer is ON: inactive players will automatically lose when time's up. (requested by erduashi)
|
|t:|1685828935
|start
|switch|p1a: Braviary|Braviary-Hisui, M|100/100
|switch|p2a: Abomasnow|Abomasnow, F|100/100
|-weather|Snow|[from] ability: Snow Warning|[of] p2a: Abomasnow
|turn|1
|
|t:|1685828942
|move|p1a: Braviary|Heat Wave|p2a: Abomasnow
|-supereffective|p2a: Abomasnow
|-damage|p2a: Abomasnow|0 fnt
|faint|p2a: Abomasnow
|
|-weather|Snow|[upkeep]
|upkeep
|
|t:|1685828944
|switch|p2a: Magearna|Magearna|100/100
|turn|2
|
|t:|1685828951
|move|p2a: Magearna|Shift Gear|p2a: Magearna
|-boost|p2a: Magearna|spe|2
|-boost|p2a: Magearna|atk|1
|move|p1a: Braviary|Heat Wave|p2a: Magearna
|-supereffective|p2a: Magearna
|-damage|p2a: Magearna|16/100
|-enditem|p2a: Magearna|Weakness Policy
|-boost|p2a: Magearna|atk|2|[from] item: Weakness Policy
|-boost|p2a: Magearna|spa|2|[from] item: Weakness Policy
|
|-weather|Snow|[upkeep]
|upkeep
|turn|3
|
|t:|1685828963
|-terastallize|p2a: Magearna|Fairy
|-terastallize|p1a: Braviary|Steel
|move|p2a: Magearna|Draining Kiss|p1a: Braviary
|-resisted|p1a: Braviary
|-damage|p1a: Braviary|53/100
|-heal|p2a: Magearna|56/100|[from] drain|[of] p1a: Braviary
|move|p1a: Braviary|Heat Wave|p2a: Magearna|[miss]
|-miss|p1a: Braviary|p2a: Magearna
|
|-weather|Snow|[upkeep]
|upkeep
|turn|4
|
|t:|1685828976
|move|p2a: Magearna|Calm Mind|p2a: Magearna
|-boost|p2a: Magearna|spa|1
|-boost|p2a: Magearna|spd|1
|move|p1a: Braviary|Psychic|p2a: Magearna
|-damage|p2a: Magearna|12/100
|
|-weather|Snow|[upkeep]
|upkeep
|turn|5
|
|t:|1685828989
|switch|p1a: Clodsire|Clodsire, F|100/100
|move|p2a: Magearna|Draining Kiss|p1a: Clodsire
|-resisted|p1a: Clodsire
|-damage|p1a: Clodsire|71/100
|-heal|p2a: Magearna|40/100|[from] drain|[of] p1a: Clodsire
|
|-weather|none
|-heal|p1a: Clodsire|77/100|[from] item: Black Sludge
|upkeep
|turn|6
|
|t:|1685828998
|switch|p1a: Sableye|Sableye, F|100/100
|move|p2a: Magearna|Stored Power|p1a: Sableye
|-immune|p1a: Sableye
|
|upkeep
|turn|7
|
|t:|1685829005
|switch|p2a: Chien-Pao|Chien-Pao|100/100
|-ability|p2a: Chien-Pao|Sword of Ruin
|move|p1a: Sableye|Encore|p2a: Chien-Pao
|-hint|Since gen 7, Dark is immune to Prankster moves.
|-immune|p2a: Chien-Pao
|
|upkeep
|turn|8
|
|t:|1685829013
|move|p1a: Sableye|Reflect|p1a: Sableye
|-sidestart|p1: Armeen|Reflect
|move|p2a: Chien-Pao|Icicle Crash|p1a: Sableye
|-damage|p1a: Sableye|63/100
|
|upkeep
|turn|9
|
|t:|1685829018
|switch|p1a: Urshifu|Urshifu-Rapid-Strike, F|100/100
|move|p2a: Chien-Pao|Icicle Crash|p1a: Urshifu|[miss]
|-miss|p2a: Chien-Pao|p1a: Urshifu
|
|upkeep
|turn|10
|
|t:|1685829024
|move|p2a: Chien-Pao|Icicle Crash|p1a: Urshifu|[miss]
|-miss|p2a: Chien-Pao|p1a: Urshifu
|move|p1a: Urshifu|Swords Dance|p1a: Urshifu
|-boost|p1a: Urshifu|atk|2
|
|upkeep
|turn|11
|
|t:|1685829031
|move|p2a: Chien-Pao|Icicle Crash|p1a: Urshifu
|-resisted|p1a: Urshifu
|-damage|p1a: Urshifu|79/100
|move|p1a: Urshifu|Surging Strikes|p2a: Chien-Pao
|-crit|p2a: Chien-Pao
|-damage|p2a: Chien-Pao|47/100
|-crit|p2a: Chien-Pao
|-damage|p2a: Chien-Pao|0 fnt
|faint|p2a: Chien-Pao
|-hitcount|p2: Chien-Pao|2
|
|-heal|p1a: Urshifu|85/100|[from] item: Leftovers
|upkeep
|
|t:|1685829034
|switch|p2a: Skeledirge|Skeledirge, M|100/100
|turn|12
|
|t:|1685829045
|move|p1a: Urshifu|Surging Strikes|p2a: Skeledirge
|-supereffective|p2a: Skeledirge
|-crit|p2a: Skeledirge
|-damage|p2a: Skeledirge|67/100
|-supereffective|p2a: Skeledirge
|-crit|p2a: Skeledirge
|-damage|p2a: Skeledirge|36/100
|-supereffective|p2a: Skeledirge
|-crit|p2a: Skeledirge
|-damage|p2a: Skeledirge|5/100
|-hitcount|p2a: Skeledirge|3
|move|p2a: Skeledirge|Will-O-Wisp|p1a: Urshifu
|-status|p1a: Urshifu|brn
|
|-heal|p1a: Urshifu|91/100 brn|[from] item: Leftovers
|-damage|p1a: Urshifu|85/100 brn|[from] brn
|upkeep
|turn|13
|
|t:|1685829059
|move|p1a: Urshifu|Surging Strikes|p2a: Skeledirge
|-supereffective|p2a: Skeledirge
|-crit|p2a: Skeledirge
|-damage|p2a: Skeledirge|0 fnt
|faint|p2a: Skeledirge
|-hitcount|p2: Skeledirge|1
|
|-heal|p1a: Urshifu|91/100 brn|[from] item: Leftovers
|-damage|p1a: Urshifu|85/100 brn|[from] brn
|upkeep
|
|t:|1685829061
|switch|p2a: Magearna|Magearna, tera:Fairy|40/100
|turn|14
|
|t:|1685829073
|switch|p1a: Sableye|Sableye, F|63/100
|move|p2a: Magearna|Draining Kiss|p1a: Sableye
|-supereffective|p1a: Sableye
|-damage|p1a: Sableye|0 fnt
|-heal|p2a: Magearna|79/100|[from] drain|[of] p1a: Sableye
|faint|p1a: Sableye
|-ability|p2a: Magearna|Soul-Heart|boost
|-boost|p2a: Magearna|spa|1
|
|upkeep
|
|t:|1685829083
|switch|p1a: Braviary|Braviary-Hisui, M, tera:Steel|53/100
|turn|15
|
|t:|1685829086
|move|p2a: Magearna|Shift Gear|p2a: Magearna
|-boost|p2a: Magearna|spe|2
|-boost|p2a: Magearna|atk|1
|move|p1a: Braviary|Psychic|p2a: Magearna
|-damage|p2a: Magearna|15/100
|
|-sideend|p1: Armeen|Reflect
|upkeep
|turn|16
|
|t:|1685829094
|move|p2a: Magearna|Stored Power|p1a: Braviary
|-resisted|p1a: Braviary
|-damage|p1a: Braviary|23/100
|move|p1a: Braviary|Psychic|p2a: Magearna
|-damage|p2a: Magearna|0 fnt
|faint|p2a: Magearna
|
|upkeep
|
|t:|1685829097
|switch|p2a: Iron Treads|Iron Treads|100/100
|turn|17
|
|t:|1685829107
|move|p2a: Iron Treads|Knock Off|p1a: Braviary
|-crit|p1a: Braviary
|-damage|p1a: Braviary|0 fnt
|-enditem|p1a: Braviary|Life Orb|[from] move: Knock Off|[of] p2a: Iron Treads
|faint|p1a: Braviary
|
|upkeep
|
|t:|1685829118
|switch|p1a: Great Tusk|Great Tusk|100/100
|turn|18
|
|t:|1685829132
|move|p2a: Iron Treads|Knock Off|p1a: Great Tusk
|-resisted|p1a: Great Tusk
|-crit|p1a: Great Tusk
|-damage|p1a: Great Tusk|85/100
|-enditem|p1a: Great Tusk|Leftovers|[from] move: Knock Off|[of] p2a: Iron Treads
|move|p1a: Great Tusk|Bulk Up|p1a: Great Tusk
|-boost|p1a: Great Tusk|atk|1
|-boost|p1a: Great Tusk|def|1
|
|upkeep
|turn|19
|
|t:|1685829141
|-end|p2a: Iron Treads|Quark Drive|[silent]
|switch|p2a: Zamazenta|Zamazenta|100/100
|-ability|p2a: Zamazenta|Dauntless Shield|boost
|-boost|p2a: Zamazenta|def|1
|move|p1a: Great Tusk|Earthquake|p2a: Zamazenta
|-damage|p2a: Zamazenta|58/100
|
|-heal|p2a: Zamazenta|64/100|[from] item: Leftovers
|upkeep
|turn|20
|
|t:|1685829150
|move|p2a: Zamazenta|Iron Defense|p2a: Zamazenta
|-boost|p2a: Zamazenta|def|2
|move|p1a: Great Tusk|Rapid Spin|p2a: Zamazenta
|-damage|p2a: Zamazenta|57/100
|-boost|p1a: Great Tusk|spe|1
|
|-heal|p2a: Zamazenta|63/100|[from] item: Leftovers
|upkeep
|turn|21
|
|t:|1685829159
|move|p1a: Great Tusk|Bulk Up|p1a: Great Tusk
|-boost|p1a: Great Tusk|atk|1
|-boost|p1a: Great Tusk|def|1
|move|p2a: Zamazenta|Iron Defense|p2a: Zamazenta
|-boost|p2a: Zamazenta|def|2
|
|-heal|p2a: Zamazenta|69/100|[from] item: Leftovers
|upkeep
|turn|22
|
|t:|1685829167
|move|p1a: Great Tusk|Bulk Up|p1a: Great Tusk
|-boost|p1a: Great Tusk|atk|1
|-boost|p1a: Great Tusk|def|1
|move|p2a: Zamazenta|Body Press|p1a: Great Tusk
|-damage|p1a: Great Tusk|43/100
|
|-heal|p2a: Zamazenta|75/100|[from] item: Leftovers
|upkeep
|turn|23
|
|t:|1685829176
|move|p1a: Great Tusk|Earthquake|p2a: Zamazenta
|-damage|p2a: Zamazenta|45/100
|move|p2a: Zamazenta|Body Press|p1a: Great Tusk
|-damage|p1a: Great Tusk|5/100
|
|-heal|p2a: Zamazenta|51/100|[from] item: Leftovers
|upkeep
|turn|24
|
|t:|1685829185
|move|p1a: Great Tusk|Earthquake|p2a: Zamazenta
|-damage|p2a: Zamazenta|20/100
|move|p2a: Zamazenta|Body Press|p1a: Great Tusk
|-damage|p1a: Great Tusk|0 fnt
|faint|p1a: Great Tusk
|-end|p1a: Great Tusk|Protosynthesis|[silent]
|
|-heal|p2a: Zamazenta|27/100|[from] item: Leftovers
|upkeep
|
|t:|1685829194
|switch|p1a: Clodsire|Clodsire, F|77/100
|turn|25
|
|t:|1685829198
|move|p2a: Zamazenta|Substitute|p2a: Zamazenta
|-start|p2a: Zamazenta|Substitute
|-damage|p2a: Zamazenta|2/100
|move|p1a: Clodsire|Toxic||[still]
|-fail|p1a: Clodsire
|
|-heal|p2a: Zamazenta|8/100|[from] item: Leftovers
|-heal|p1a: Clodsire|84/100|[from] item: Black Sludge
|upkeep
|turn|26
|-message|Armeen forfeited.
|
|win|erduashi
|raw|Armeen's rating: 1635 → 1619(-16 for losing)
|raw|erduashi's rating: 1710 → 1726(+16 for winning)
|l|☆Armeen
