|j|☆MajoraWaffled
|j|☆LucasCelebrom
|t:|1685917509
|gametype|singles
|player|p1|MajoraWaffled|will|
|player|p2|LucasCelebrom|lance|
|teamsize|p1|6
|teamsize|p2|6
|gen|9
|tier|[Gen 9] OU
|rule|Sleep Clause Mod: Limit one foe put to sleep
|rule|Species Clause: Limit one of each Pokémon
|rule|OHKO Clause: OHKO moves are banned
|rule|Evasion Items Clause: Evasion items are banned
|rule|Evasion Moves Clause: Evasion moves are banned
|rule|Endless Battle Clause: Forcing endless battles is banned
|rule|HP Percentage Mod: HP is shown in percentages
|clearpoke
|poke|p1|Wyrdeer, M|
|poke|p1|Avalugg-Hisui, M|
|poke|p1|Ursaluna, M|
|poke|p1|Slowking-Galar, M|
|poke|p1|Glastrier|
|poke|p1|Iron Hands|
|poke|p2|Goodra, F|
|poke|p2|Dondozo, F|
|poke|p2|Glimmora, F|
|poke|p2|Maushold-Four|
|poke|p2|Volcanion|
|poke|p2|Corviknight, M|
|teampreview
|inactive|Battle timer is ON: inactive players will automatically lose when time's up. (requested by MajoraWaffled)
|c|☆LucasCelebrom|to mt desanimado, n julgue meu time por favor
|
|t:|1685917540
|start
|switch|p1a: Wyrdeer|Wyrdeer, M, shiny|100/100
|switch|p2a: Glimmora|Glimmora, F|100/100
|-ability|p1a: Wyrdeer|Intimidate|boost
|-unboost|p2a: Glimmora|atk|1
|turn|1
|
|t:|1685917546
|move|p2a: Glimmora|Stealth Rock|p1a: Wyrdeer
|-sidestart|p1: MajoraWaffled|move: Stealth Rock
|move|p1a: Wyrdeer|Trick Room|p1a: Wyrdeer
|-fieldstart|move: Trick Room|[of] p1a: Wyrdeer
|
|upkeep
|turn|2
|
|t:|1685917555
|move|p1a: Wyrdeer|Psyshield Bash|p2a: Glimmora
|-supereffective|p2a: Glimmora
|-damage|p2a: Glimmora|19/100
|-boost|p1a: Wyrdeer|def|1
|-activate|p2a: Glimmora|ability: Toxic Debris
|-sidestart|p1: MajoraWaffled|move: Toxic Spikes
|move|p2a: Glimmora|Mortal Spin|p1a: Wyrdeer
|-damage|p1a: Wyrdeer|98/100
|-status|p1a: Wyrdeer|psn
|
|-heal|p1a: Wyrdeer|100/100 psn|[from] item: Leftovers
|-damage|p1a: Wyrdeer|88/100 psn|[from] psn
|upkeep
|turn|3
|
|t:|1685917568
|switch|p2a: Corviknight|Corviknight, M|100/100
|-ability|p2a: Corviknight|Pressure
|move|p1a: Wyrdeer|Psyshield Bash|p2a: Corviknight
|-resisted|p2a: Corviknight
|-damage|p2a: Corviknight|85/100
|-boost|p1a: Wyrdeer|def|1
|
|-heal|p1a: Wyrdeer|94/100 psn|[from] item: Leftovers
|-heal|p2a: Corviknight|92/100|[from] item: Leftovers
|-damage|p1a: Wyrdeer|82/100 psn|[from] psn
|upkeep
|turn|4
|
|t:|1685917579
|switch|p1a: Slowking|Slowking-Galar, M, shiny|100/100
|-sideend|p1: MajoraWaffled|move: Toxic Spikes|[of] p1a: Slowking
|move|p2a: Corviknight|Body Press|p1a: Slowking
|-resisted|p1a: Slowking
|-damage|p1a: Slowking|96/100
|
|-heal|p2a: Corviknight|98/100|[from] item: Leftovers
|upkeep
|turn|5
|
|t:|1685917590
|switch|p2a: Volcanion|Volcanion|100/100
|move|p1a: Slowking|Chilly Reception|p1a: Slowking
|-weather|Snow
|
|t:|1685917602
|switch|p1a: Avalugg|Avalugg-Hisui, M, shiny|100/100|[from] Chilly Reception
|-damage|p1a: Avalugg|76/100|[from] Stealth Rock
|
|-weather|Snow|[upkeep]
|-fieldend|move: Trick Room
|upkeep
|turn|6
|
|t:|1685917618
|switch|p1a: Slowking|Slowking-Galar, M, shiny|100/100
|move|p2a: Volcanion|Earth Power|p1a: Slowking
|-supereffective|p1a: Slowking
|-damage|p1a: Slowking|47/100
|
|-weather|Snow|[upkeep]
|upkeep
|turn|7
|c|☆MajoraWaffled|Missclick
|c|☆MajoraWaffled|Era pra ir no mãos
|
|t:|1685917627
|switch|p1a: Glastrier|Glastrier|100/100
|-damage|p1a: Glastrier|76/100|[from] Stealth Rock
|move|p2a: Volcanion|Earth Power|p1a: Glastrier
|-damage|p1a: Glastrier|50/100
|-unboost|p1a: Glastrier|spd|1
|
|-weather|Snow|[upkeep]
|upkeep
|turn|8
|
|t:|1685917637
|move|p2a: Volcanion|Flamethrower|p1a: Glastrier
|-supereffective|p1a: Glastrier
|-damage|p1a: Glastrier|0 fnt
|faint|p1a: Glastrier
|
|-weather|Snow|[upkeep]
|upkeep
|
|t:|1685917643
|switch|p1a: Iron Hands|Iron Hands|100/100
|-damage|p1a: Iron Hands|94/100|[from] Stealth Rock
|turn|9
|
|t:|1685917672
|switch|p2a: Lesma|Goodra, F|100/100
|-terastallize|p1a: Iron Hands|Fighting
|move|p1a: Iron Hands|Close Combat|p2a: Lesma
|-damage|p2a: Lesma|0 fnt
|-unboost|p1a: Iron Hands|def|1
|-unboost|p1a: Iron Hands|spd|1
|-ability|p2a: Lesma|Gooey
|-unboost|p1a: Iron Hands|spe|1
|faint|p2a: Lesma
|
|-weather|none
|upkeep
|c|☆LucasCelebrom|IHHHH, BANIDO
|inactive|LucasCelebrom has 270 seconds left.
|c|☆MajoraWaffled|a
|c|☆MajoraWaffled|Tera é ban?
|c|☆LucasCelebrom|sim
|c|☆LucasCelebrom|tu perdeu a luta bro
|c|☆MajoraWaffled|kk esqueci
|c|☆MajoraWaffled|Ent tá
|-message|MajoraWaffled forfeited.
|
|win|LucasCelebrom
|c|☆LucasCelebrom|é md3?
|c|☆MajoraWaffled|acho q sim
|c|☆MajoraWaffled|Tavam usando md3
|l|☆MajoraWaffled
|c|☆LucasCelebrom|ok, vou salvar e a gente vai outra
