|j|☆lakemera
|j|☆Jorgor well
|t:|1685903616
|gametype|singles
|player|p1|lakemera|clair|1103
|player|p2|Jorgor well|waiter-gen4dp|1187
|teamsize|p1|6
|teamsize|p2|6
|gen|9
|tier|[Gen 9] OU
|rated|
|rule|Sleep Clause Mod: Limit one foe put to sleep
|rule|Species Clause: Limit one of each Pokémon
|rule|OHKO Clause: OHKO moves are banned
|rule|Evasion Items Clause: Evasion items are banned
|rule|Evasion Moves Clause: Evasion moves are banned
|rule|Endless Battle Clause: Forcing endless battles is banned
|rule|HP Percentage Mod: HP is shown in percentages
|clearpoke
|poke|p1|Chien-Pao|
|poke|p1|Volcarona, F|
|poke|p1|Cinderace, M|
|poke|p1|Garganacl, F|
|poke|p1|Clodsire, F|
|poke|p1|Iron Valiant|
|poke|p2|Arcanine-Hisui, M|
|poke|p2|Urshifu-*, M|
|poke|p2|Kingambit, F|
|poke|p2|Great Tusk|
|poke|p2|Garchomp, M|
|poke|p2|Zapdos|
|teampreview
|inactive|Battle timer is ON: inactive players will automatically lose when time's up. (requested by lakemera)
|
|t:|1685903629
|start
|switch|p1a: Poacher|Cinderace, M|100/100
|switch|p2a: Urshifu|Urshifu-Rapid-Strike, M|100/100
|turn|1
|
|t:|1685903641
|move|p1a: Poacher|U-turn|p2a: Urshifu
|-start|p1a: Poacher|typechange|Bug|[from] ability: Libero
|-resisted|p2a: Urshifu
|-damage|p2a: Urshifu|83/100
|
|t:|1685903646
|switch|p1a: Fall Guy|Clodsire, F, shiny|100/100|[from] U-turn
|move|p2a: Urshifu|U-turn|p1a: Fall Guy
|-resisted|p1a: Fall Guy
|-damage|p1a: Fall Guy|88/100
|
|t:|1685903652
|switch|p2a: Great Tusk|Great Tusk, shiny|100/100|[from] U-turn
|
|-heal|p1a: Fall Guy|94/100|[from] item: Black Sludge
|upkeep
|turn|2
|
|t:|1685903663
|move|p2a: Great Tusk|Stealth Rock|p1a: Fall Guy
|-sidestart|p1: lakemera|move: Stealth Rock
|move|p1a: Fall Guy|Toxic|p2a: Great Tusk
|-status|p2a: Great Tusk|tox
|
|-heal|p1a: Fall Guy|100/100|[from] item: Black Sludge
|-damage|p2a: Great Tusk|94/100 tox|[from] psn
|upkeep
|turn|3
|
|t:|1685903672
|move|p1a: Fall Guy|Protect|p1a: Fall Guy
|-singleturn|p1a: Fall Guy|Protect
|move|p2a: Great Tusk|Earthquake|p1a: Fall Guy
|-activate|p1a: Fall Guy|move: Protect
|
|-heal|p2a: Great Tusk|100/100 tox|[from] item: Leftovers
|-damage|p2a: Great Tusk|88/100 tox|[from] psn
|upkeep
|turn|4
|
|t:|1685903680
|move|p2a: Great Tusk|Earthquake|p1a: Fall Guy
|-supereffective|p1a: Fall Guy
|-damage|p1a: Fall Guy|5/100
|move|p1a: Fall Guy|Recover|p1a: Fall Guy
|-heal|p1a: Fall Guy|55/100
|
|-heal|p2a: Great Tusk|94/100 tox|[from] item: Leftovers
|-heal|p1a: Fall Guy|61/100|[from] item: Black Sludge
|-damage|p2a: Great Tusk|76/100 tox|[from] psn
|upkeep
|turn|5
|
|t:|1685903690
|-end|p2a: Great Tusk|Protosynthesis|[silent]
|switch|p2a: Arcanine|Arcanine-Hisui, M|100/100
|move|p1a: Fall Guy|Protect||[still]
|-fail|p1a: Fall Guy
|
|-heal|p1a: Fall Guy|67/100|[from] item: Black Sludge
|upkeep
|turn|6
|
|t:|1685903699
|move|p2a: Arcanine|Psychic Fangs|p1a: Fall Guy
|-supereffective|p1a: Fall Guy
|-damage|p1a: Fall Guy|0 fnt
|faint|p1a: Fall Guy
|
|upkeep
|
|t:|1685903708
|switch|p1a: Poacher|Cinderace, M|100/100
|turn|7
|
|t:|1685903715
|switch|p2a: Great Tusk|Great Tusk, shiny|76/100 tox
|move|p1a: Poacher|Court Change|p1a: Poacher
|-start|p1a: Poacher|typechange|Normal|[from] ability: Libero
|-swapsideconditions
|-activate|p1a: Poacher|move: Court Change
|
|-heal|p2a: Great Tusk|82/100 tox|[from] item: Leftovers
|-damage|p2a: Great Tusk|76/100 tox|[from] psn
|upkeep
|turn|8
|
|t:|1685903725
|move|p1a: Poacher|High Jump Kick|p2a: Great Tusk
|-damage|p2a: Great Tusk|55/100 tox
|move|p2a: Great Tusk|Stealth Rock|p1a: Poacher
|-sidestart|p1: lakemera|move: Stealth Rock
|
|-heal|p2a: Great Tusk|61/100 tox|[from] item: Leftovers
|-damage|p2a: Great Tusk|49/100 tox|[from] psn
|upkeep
|turn|9
|
|t:|1685903733
|move|p1a: Poacher|High Jump Kick|p2a: Great Tusk
|-damage|p2a: Great Tusk|27/100 tox
|move|p2a: Great Tusk|Earthquake|p1a: Poacher
|-damage|p1a: Poacher|36/100
|
|-heal|p2a: Great Tusk|33/100 tox|[from] item: Leftovers
|-damage|p2a: Great Tusk|14/100 tox|[from] psn
|upkeep
|turn|10
|
|t:|1685903745
|-end|p2a: Great Tusk|Protosynthesis|[silent]
|switch|p2a: Zapdos|Zapdos|100/100
|move|p1a: Poacher|Pyro Ball|p2a: Zapdos
|-damage|p2a: Zapdos|70/100
|
|upkeep
|turn|11
|
|t:|1685903753
|switch|p1a: Sun Goddess|Volcarona, F|100/100
|-damage|p1a: Sun Goddess|51/100|[from] Stealth Rock
|move|p2a: Zapdos|Volt Switch|p1a: Sun Goddess
|-damage|p1a: Sun Goddess|21/100
|
|t:|1685903760
|switch|p2a: Arcanine|Arcanine-Hisui, M|100/100|[from] Volt Switch
|-damage|p2a: Arcanine|76/100|[from] Stealth Rock
|
|upkeep
|turn|12
|
|t:|1685903766
|move|p2a: Arcanine|Extreme Speed|p1a: Sun Goddess
|-damage|p1a: Sun Goddess|0 fnt
|faint|p1a: Sun Goddess
|
|upkeep
|
|t:|1685903774
|switch|p1a: Poacher|Cinderace, M|36/100
|turn|13
|
|t:|1685903781
|move|p2a: Arcanine|Extreme Speed|p1a: Poacher
|-damage|p1a: Poacher|0 fnt
|faint|p1a: Poacher
|
|upkeep
|-message|lakemera forfeited.
|
|win|Jorgor well
|raw|lakemera's rating: 1103 → 1084(-19 for losing)
|raw|Jorgor well's rating: 1187 → 1206(+19 for winning)
|l|☆lakemera
