# advantage = p1
|poke|p1|Roaring Moon|
|poke|p1|Skeledirge, F|
|poke|p1|Great Tusk|
|poke|p1|Gholdengo|
|poke|p1|Zapdos|
|poke|p1|Samurott-Hisui, M|
|poke|p2|Torkoal, M|
|poke|p2|Walking Wake|
|poke|p2|Charizard, F|
|poke|p2|Ceruledge, F|
|poke|p2|Great Tusk|
|poke|p2|Roaring Moon|
|teampreview
|
|start
|switch|p1a: Samurott|Samurott-Hisui, M|100/100
|switch|p2a: Rarren Moon|Roaring Moon|100/100
|turn|1
|
|move|p2a: Rarren Moon|U-turn|p1a: Samurott
|-supereffective|p1a: Samurott
|-damage|p1a: Samurott|13/100
|
|-end|p2a: Rarren Moon|Protosynthesis|[silent]
|switch|p2a: WALKIN TO UR WAKE|Walking Wake|100/100|[from] U-turn
|move|p1a: Samurott|Sacred Sword|p2a: WALKIN TO UR WAKE
|-damage|p2a: WALKIN TO UR WAKE|46/100
|-damage|p1a: Samurott|3/100|[from] item: Life Orb
|
|turn|2
|
|move|p1a: Samurott|Sucker Punch|p2a: WALKIN TO UR WAKE
|-damage|p2a: WALKIN TO UR WAKE|4/100
|-damage|p1a: Samurott|0 fnt|[from] item: Life Orb
|faint|p1a: Samurott
|move|p2a: WALKIN TO UR WAKE|Hydro Steam|p1: Samurott|[notarget]
|-fail|p2a: WALKIN TO UR WAKE
|
|
|switch|p1a: Gholdengo|Gholdengo|100/100
|turn|3
|
|move|p2a: WALKIN TO UR WAKE|Hydro Steam|p1a: Gholdengo
|-damage|p1a: Gholdengo|38/100
|move|p1a: Gholdengo|Shadow Ball|p2a: WALKIN TO UR WAKE
|-damage|p2a: WALKIN TO UR WAKE|0 fnt
|faint|p2a: WALKIN TO UR WAKE
|-end|p2a: WALKIN TO UR WAKE|Protosynthesis|[silent]
|
|
|switch|p2a: PACKWATCH|Torkoal, M|100/100
|-weather|SunnyDay|[from] ability: Drought|[of] p2a: PACKWATCH
|turn|4
|
|switch|p1a: Great Tusk|Great Tusk|100/100
|-activate|p1a: Great Tusk|ability: Protosynthesis
|-start|p1a: Great Tusk|protosynthesisdef
|switch|p2a: Rarren Moon|Roaring Moon|100/100
|-activate|p2a: Rarren Moon|ability: Protosynthesis
|-start|p2a: Rarren Moon|protosynthesisspe
|
|-weather|SunnyDay|[upkeep]
|turn|5
|
|move|p2a: Rarren Moon|U-turn|p1a: Great Tusk
|-resisted|p1a: Great Tusk
|-damage|p1a: Great Tusk|93/100
|-damage|p2a: Rarren Moon|84/100|[from] item: Rocky Helmet|[of] p1a: Great Tusk
|
|-end|p2a: Rarren Moon|Protosynthesis|[silent]
|switch|p2a: Chris Bosh|Charizard, F|100/100|[from] U-turn
|move|p1a: Great Tusk|Stealth Rock|p2a: Chris Bosh
|-sidestart|p2: p2|move: Stealth Rock
|
|-weather|SunnyDay|[upkeep]
|-damage|p2a: Chris Bosh|88/100|[from] ability: Solar Power|[of] p2a: Chris Bosh
|turn|6
|
|-end|p1a: Great Tusk|Protosynthesis|[silent]
|switch|p1a: Skeledirge|Skeledirge, F|100/100
|move|p2a: Chris Bosh|Overheat|p1a: Skeledirge
|-resisted|p1a: Skeledirge
|-damage|p1a: Skeledirge|24/100
|-unboost|p2a: Chris Bosh|spa|2
|
|-weather|SunnyDay|[upkeep]
|-damage|p2a: Chris Bosh|76/100|[from] ability: Solar Power|[of] p2a: Chris Bosh
|turn|7
|
|move|p2a: Chris Bosh|Overheat|p1a: Skeledirge
|-resisted|p1a: Skeledirge
|-damage|p1a: Skeledirge|0 fnt
|-unboost|p2a: Chris Bosh|spa|2
|faint|p1a: Skeledirge
|
|-weather|SunnyDay|[upkeep]
|-damage|p2a: Chris Bosh|63/100|[from] ability: Solar Power|[of] p2a: Chris Bosh
|
|switch|p1a: Roaring Moon|Roaring Moon|100/100
|-activate|p1a: Roaring Moon|ability: Protosynthesis
|-start|p1a: Roaring Moon|protosynthesisatk
|turn|8
|
|switch|p2a: Mammoth Graveyard|Great Tusk|100/100
|-damage|p2a: Mammoth Graveyard|98/100|[from] Stealth Rock
|-activate|p2a: Mammoth Graveyard|ability: Protosynthesis
|-start|p2a: Mammoth Graveyard|protosynthesisdef
|move|p1a: Roaring Moon|Jaw Lock|p2a: Mammoth Graveyard
|-resisted|p2a: Mammoth Graveyard
|-damage|p2a: Mammoth Graveyard|86/100
|-activate|p1a: Roaring Moon|trapped
|-activate|p2a: Mammoth Graveyard|trapped
|
|-weather|SunnyDay|[upkeep]
|-heal|p2a: Mammoth Graveyard|92/100|[from] item: Leftovers
|turn|9
|
|-terastallize|p1a: Roaring Moon|Flying
|move|p1a: Roaring Moon|Dragon Dance|p1a: Roaring Moon
|-boost|p1a: Roaring Moon|atk|1
|-boost|p1a: Roaring Moon|spe|1
|move|p2a: Mammoth Graveyard|Ice Spinner|p1a: Roaring Moon
|-supereffective|p1a: Roaring Moon
|-damage|p1a: Roaring Moon|46/100
|
|-weather|SunnyDay|[upkeep]
|-heal|p2a: Mammoth Graveyard|99/100|[from] item: Leftovers
|turn|10
|
|move|p1a: Roaring Moon|Acrobatics|p2a: Mammoth Graveyard
|-supereffective|p2a: Mammoth Graveyard
|-damage|p2a: Mammoth Graveyard|51/100
|move|p2a: Mammoth Graveyard|Ice Spinner|p1a: Roaring Moon
|-supereffective|p1a: Roaring Moon
|-damage|p1a: Roaring Moon|0 fnt
|faint|p1a: Roaring Moon
|-end|p1a: Roaring Moon|Protosynthesis|[silent]
|
|-weather|SunnyDay|[upkeep]
|-heal|p2a: Mammoth Graveyard|57/100|[from] item: Leftovers
|
|switch|p1a: Zapdos|Zapdos|100/100
|turn|11
|
|move|p1a: Zapdos|Hurricane|p2a: Mammoth Graveyard|[miss]
|-miss|p1a: Zapdos|p2a: Mammoth Graveyard
|move|p2a: Mammoth Graveyard|Ice Spinner|p1a: Zapdos
|-supereffective|p1a: Zapdos
|-damage|p1a: Zapdos|54/100
|
|-weather|none
|-end|p2a: Mammoth Graveyard|Protosynthesis
|-heal|p1a: Zapdos|60/100|[from] item: Leftovers
|-heal|p2a: Mammoth Graveyard|64/100|[from] item: Leftovers
|turn|12
|
|-end|p2a: Mammoth Graveyard|Protosynthesis|[silent]
|switch|p2a: PACKWATCH|Torkoal, M|100/100
|-damage|p2a: PACKWATCH|76/100|[from] Stealth Rock
|-weather|SunnyDay|[from] ability: Drought|[of] p2a: PACKWATCH
|move|p1a: Zapdos|Hurricane|p2a: PACKWATCH
|-damage|p2a: PACKWATCH|0 fnt
|faint|p2a: PACKWATCH
|
|-weather|SunnyDay|[upkeep]
|-heal|p1a: Zapdos|66/100|[from] item: Leftovers
|
|switch|p2a: Rarren Moon|Roaring Moon|84/100
|-damage|p2a: Rarren Moon|72/100|[from] Stealth Rock
|-activate|p2a: Rarren Moon|ability: Protosynthesis
|-start|p2a: Rarren Moon|protosynthesisspe
|turn|13
|
|switch|p1a: Great Tusk|Great Tusk|93/100
|-activate|p1a: Great Tusk|ability: Protosynthesis
|-start|p1a: Great Tusk|protosynthesisdef
|move|p2a: Rarren Moon|Outrage|p1a: Great Tusk
|-damage|p1a: Great Tusk|61/100
|-damage|p2a: Rarren Moon|55/100|[from] item: Rocky Helmet|[of] p1a: Great Tusk
|
|-weather|SunnyDay|[upkeep]
|turn|14
|
|move|p2a: Rarren Moon|Outrage|p1a: Great Tusk|[from]lockedmove
|-damage|p1a: Great Tusk|28/100
|-damage|p2a: Rarren Moon|39/100|[from] item: Rocky Helmet|[of] p1a: Great Tusk
|move|p1a: Great Tusk|Close Combat|p2a: Rarren Moon
|-supereffective|p2a: Rarren Moon
|-damage|p2a: Rarren Moon|0 fnt
|-unboost|p1a: Great Tusk|def|1
|-unboost|p1a: Great Tusk|spd|1
|faint|p2a: Rarren Moon
|-end|p2a: Rarren Moon|Protosynthesis|[silent]
|
|-weather|SunnyDay|[upkeep]
|
|switch|p2a: Accordion|Ceruledge, F|100/100
|-damage|p2a: Accordion|76/100|[from] Stealth Rock
|turn|15
|
|move|p2a: Accordion|Bitter Blade|p1a: Great Tusk
|-damage|p1a: Great Tusk|0 fnt
|-heal|p2a: Accordion|96/100|[from] drain|[of] p1a: Great Tusk
|-damage|p2a: Accordion|80/100|[from] item: Rocky Helmet|[of] p1a: Great Tusk
|faint|p1a: Great Tusk
|-end|p1a: Great Tusk|Protosynthesis|[silent]
|
|-weather|SunnyDay|[upkeep]
|
|switch|p1a: Gholdengo|Gholdengo|38/100
|turn|16
|
|move|p2a: Accordion|Shadow Sneak|p1a: Gholdengo
|-supereffective|p1a: Gholdengo
|-damage|p1a: Gholdengo|0 fnt
|faint|p1a: Gholdengo
|
|-weather|SunnyDay|[upkeep]
|
|switch|p1a: Zapdos|Zapdos|66/100
|turn|17
|
|move|p2a: Accordion|Bitter Blade|p1a: Zapdos
|-damage|p1a: Zapdos|0 fnt
|-heal|p2a: Accordion|100/100|[from] drain|[of] p1a: Zapdos
|-status|p2a: Accordion|par|[from] ability: Static|[of] p1a: Zapdos
|faint|p1a: Zapdos
|
|win|p2
