# advantage = p1
|poke|p1|Decidueye-Hisui, M|
|poke|p1|Dragapult, M|
|poke|p1|Goodra-Hisui, M|
|poke|p1|Volcanion|
|poke|p1|Iron Valiant|
|poke|p1|Landorus-Therian, M|
|poke|p2|Orthworm, M|
|poke|p2|Tauros-Paldea-Blaze, M|
|poke|p2|Baxcalibur, M|
|poke|p2|Hatterene, F|
|poke|p2|Iron Jugulis|
|poke|p2|Kingambit, F|
|teampreview
|
|start
|switch|p1a: Landorus|Landorus-Therian, M|100/100
|switch|p2a: Iron Jugulis|Iron Jugulis|100/100
|-ability|p1a: Landorus|Intimidate|boost
|-unboost|p2a: Iron Jugulis|atk|1
|-enditem|p2a: Iron Jugulis|Booster Energy
|-activate|p2a: Iron Jugulis|ability: Quark Drive|[fromitem]
|-start|p2a: Iron Jugulis|quarkdrivespe
|turn|1
|
|-end|p2a: Iron Jugulis|Quark Drive|[silent]
|switch|p2a: Baxcalibur|Baxcalibur, M|100/100
|move|p1a: Landorus|Stealth Rock|p2a: Baxcalibur
|-sidestart|p2: p2|move: Stealth Rock
|
|turn|2
|
|move|p2a: Baxcalibur|Dragon Dance|p2a: Baxcalibur
|-boost|p2a: Baxcalibur|atk|1
|-boost|p2a: Baxcalibur|spe|1
|move|p1a: Landorus|U-turn|p2a: Baxcalibur
|-damage|p2a: Baxcalibur|70/100
|
|switch|p1a: Iron Valiant|Iron Valiant|100/100|[from] U-turn
|-enditem|p1a: Iron Valiant|Booster Energy
|-activate|p1a: Iron Valiant|ability: Quark Drive|[fromitem]
|-start|p1a: Iron Valiant|quarkdrivespe
|
|turn|3
|
|move|p1a: Iron Valiant|Moonblast|p2a: Baxcalibur
|-supereffective|p2a: Baxcalibur
|-damage|p2a: Baxcalibur|0 fnt
|faint|p2a: Baxcalibur
|
|
|switch|p2a: Hatterene|Hatterene, F|100/100
|-damage|p2a: Hatterene|88/100|[from] Stealth Rock
|turn|4
|
|-terastallize|p1a: Iron Valiant|Electric
|move|p1a: Iron Valiant|Calm Mind|p1a: Iron Valiant
|-boost|p1a: Iron Valiant|spa|1
|-boost|p1a: Iron Valiant|spd|1
|move|p2a: Hatterene|Psyshock|p1a: Iron Valiant
|-damage|p1a: Iron Valiant|50/100
|
|-heal|p2a: Hatterene|94/100|[from] item: Leftovers
|turn|5
|
|move|p1a: Iron Valiant|Moonblast|p2a: Hatterene
|-damage|p2a: Hatterene|21/100
|move|p2a: Hatterene|Psyshock|p1a: Iron Valiant
|-damage|p1a: Iron Valiant|2/100
|
|-heal|p2a: Hatterene|27/100|[from] item: Leftovers
|turn|6
|
|move|p1a: Iron Valiant|Moonblast|p2a: Hatterene
|-damage|p2a: Hatterene|0 fnt
|faint|p2a: Hatterene
|
|
|switch|p2a: Tauros|Tauros-Paldea-Blaze, M|100/100
|-damage|p2a: Tauros|88/100|[from] Stealth Rock
|-ability|p2a: Tauros|Intimidate|boost
|-unboost|p1a: Iron Valiant|atk|1
|turn|7
|
|move|p1a: Iron Valiant|Psyshock|p2a: Tauros
|-supereffective|p2a: Tauros
|-damage|p2a: Tauros|38/100
|move|p2a: Tauros|Raging Bull|p1a: Iron Valiant
|-damage|p1a: Iron Valiant|0 fnt
|faint|p1a: Iron Valiant
|-end|p1a: Iron Valiant|Quark Drive|[silent]
|
|-heal|p2a: Tauros|45/100|[from] item: Leftovers
|
|switch|p1a: Landorus|Landorus-Therian, M|100/100
|-ability|p1a: Landorus|Intimidate|boost
|-unboost|p2a: Tauros|atk|1
|turn|8
|
|switch|p2a: Iron Jugulis|Iron Jugulis|100/100
|-damage|p2a: Iron Jugulis|76/100|[from] Stealth Rock
|move|p1a: Landorus|Earthquake|p2a: Iron Jugulis
|-immune|p2a: Iron Jugulis
|
|turn|9
|
|move|p2a: Iron Jugulis|Dark Pulse|p1a: Landorus
|-damage|p1a: Landorus|46/100
|move|p1a: Landorus|U-turn|p2a: Iron Jugulis
|-damage|p2a: Iron Jugulis|38/100
|
|switch|p1a: Goodra|Goodra-Hisui, M|100/100|[from] U-turn
|
|turn|10
|
|move|p2a: Iron Jugulis|Flamethrower|p1a: Goodra
|-damage|p1a: Goodra|82/100
|move|p1a: Goodra|Dragon Claw|p2a: Iron Jugulis
|-damage|p2a: Iron Jugulis|0 fnt
|faint|p2a: Iron Jugulis
|-end|p2a: Iron Jugulis|Quark Drive|[silent]
|
|-heal|p1a: Goodra|88/100|[from] item: Leftovers
|
|switch|p2a: Orthworm|Orthworm, M|100/100
|-damage|p2a: Orthworm|94/100|[from] Stealth Rock
|turn|11
|
|move|p2a: Orthworm|Body Press|p1a: Goodra
|-supereffective|p1a: Goodra
|-damage|p1a: Goodra|23/100
|-ability|p1a: Goodra|Gooey
|-unboost|p2a: Orthworm|spe|1
|move|p1a: Goodra|Curse|p1a: Goodra
|-unboost|p1a: Goodra|spe|1
|-boost|p1a: Goodra|atk|1
|-boost|p1a: Goodra|def|1
|
|-heal|p1a: Goodra|29/100|[from] item: Leftovers
|turn|12
|
|move|p2a: Orthworm|Body Press|p1a: Goodra
|-supereffective|p1a: Goodra
|-damage|p1a: Goodra|0 fnt
|-ability|p1a: Goodra|Gooey
|-unboost|p2a: Orthworm|spe|1
|faint|p1a: Goodra
|
|
|switch|p1a: Volcanion|Volcanion|100/100
|turn|13
|
|switch|p2a: Tauros|Tauros-Paldea-Blaze, M|45/100
|-damage|p2a: Tauros|32/100|[from] Stealth Rock
|-ability|p2a: Tauros|Intimidate|boost
|-unboost|p1a: Volcanion|atk|1
|move|p1a: Volcanion|Steam Eruption|p2a: Tauros
|-supereffective|p2a: Tauros
|-damage|p2a: Tauros|0 fnt
|faint|p2a: Tauros
|
|
|switch|p2a: Orthworm|Orthworm, M|94/100
|-damage|p2a: Orthworm|88/100|[from] Stealth Rock
|turn|14
|
|move|p1a: Volcanion|Flamethrower|p2a: Orthworm
|-supereffective|p2a: Orthworm
|-damage|p2a: Orthworm|0 fnt
|faint|p2a: Orthworm
|
|
|switch|p2a: Kingambit|Kingambit, F|100/100
|-damage|p2a: Kingambit|94/100|[from] Stealth Rock
|-activate|p2a: Kingambit|ability: Supreme Overlord
|-start|p2a: Kingambit|fallen5|[silent]
|turn|15
|
|switch|p1a: Landorus|Landorus-Therian, M|46/100
|-ability|p1a: Landorus|Intimidate|boost
|-unboost|p2a: Kingambit|atk|1
|move|p2a: Kingambit|Kowtow Cleave|p1a: Landorus
|-damage|p1a: Landorus|2/100
|-damage|p2a: Kingambit|78/100|[from] item: Rocky Helmet|[of] p1a: Landorus
|
|-heal|p2a: Kingambit|84/100|[from] item: Leftovers
|turn|16
|
|move|p1a: Landorus|Earthquake|p2a: Kingambit
|-supereffective|p2a: Kingambit
|-damage|p2a: Kingambit|0 fnt
|faint|p2a: Kingambit
|-end|p2a: Kingambit|fallen5|[silent]
|
|win|p1
