# advantage = p1
|poke|p1|Skuntank, F|
|poke|p1|Torkoal, M|
|poke|p1|Scovillain, F|
|poke|p1|Slither Wing|
|poke|p1|Florges, F|
|poke|p1|Tatsugiri, F|
|poke|p2|Gallade, M|
|poke|p2|Drednaw, M|
|poke|p2|Masquerain, F|
|poke|p2|Ting-Lu|
|poke|p2|Raichu, M|
|poke|p2|Farigiraf, F|
|teampreview
|
|start
|switch|p1a: Tatsugiri|Tatsugiri, F|100/100
|switch|p2a: Zeus|Raichu, M, shiny|100/100
|turn|1
|
|move|p2a: Zeus|Fake Out|p1a: Tatsugiri
|-damage|p1a: Tatsugiri|81/100
|cant|p1a: Tatsugiri|flinch
|
|turn|2
|
|move|p2a: Zeus|Play Rough|p1a: Tatsugiri
|-supereffective|p1a: Tatsugiri
|-damage|p1a: Tatsugiri|0 fnt
|faint|p1a: Tatsugiri
|
|
|switch|p1a: Torkoal|Torkoal, M|100/100
|-weather|SunnyDay|[from] ability: Drought|[of] p1a: Torkoal
|turn|3
|
|move|p2a: Zeus|Volt Switch|p1a: Torkoal
|-damage|p1a: Torkoal|72/100
|
|switch|p2a: Pressing Fissure|Ting-Lu|100/100|[from] Volt Switch
|-ability|p2a: Pressing Fissure|Vessel of Ruin
|move|p1a: Torkoal|Stealth Rock|p2a: Pressing Fissure
|-sidestart|p2: p2|move: Stealth Rock
|
|-weather|SunnyDay|[upkeep]
|turn|4
|
|switch|p1a: Slither Wing|Slither Wing|100/100
|-activate|p1a: Slither Wing|ability: Protosynthesis
|-start|p1a: Slither Wing|protosynthesisatk
|move|p2a: Pressing Fissure|Stealth Rock|p1a: Slither Wing
|-sidestart|p1: p1|move: Stealth Rock
|
|-weather|SunnyDay|[upkeep]
|turn|5
|
|switch|p2a: July|Masquerain, F|100/100
|-damage|p2a: July|51/100|[from] Stealth Rock
|-ability|p2a: July|Intimidate|boost
|-unboost|p1a: Slither Wing|atk|1
|move|p1a: Slither Wing|Bulk Up|p1a: Slither Wing
|-boost|p1a: Slither Wing|atk|1
|-boost|p1a: Slither Wing|def|1
|
|-weather|SunnyDay|[upkeep]
|turn|6
|
|-end|p1a: Slither Wing|Protosynthesis|[silent]
|switch|p1a: Florges|Florges, F|100/100
|-damage|p1a: Florges|88/100|[from] Stealth Rock
|move|p2a: July|Air Slash|p1a: Florges
|-damage|p1a: Florges|75/100
|
|-weather|SunnyDay|[upkeep]
|-heal|p1a: Florges|82/100|[from] item: Leftovers
|turn|7
|
|move|p2a: July|U-turn|p1a: Florges
|-resisted|p1a: Florges
|-damage|p1a: Florges|73/100
|
|switch|p2a: Pressing Fissure|Ting-Lu|100/100|[from] U-turn
|-damage|p2a: Pressing Fissure|94/100|[from] Stealth Rock
|-ability|p2a: Pressing Fissure|Vessel of Ruin
|move|p1a: Florges|Moonblast|p2a: Pressing Fissure
|-supereffective|p2a: Pressing Fissure
|-damage|p2a: Pressing Fissure|66/100
|-unboost|p2a: Pressing Fissure|spa|1
|
|-weather|SunnyDay|[upkeep]
|-heal|p1a: Florges|79/100|[from] item: Leftovers
|-heal|p2a: Pressing Fissure|72/100|[from] item: Leftovers
|turn|8
|
|move|p1a: Florges|Wish|p1a: Florges
|move|p2a: Pressing Fissure|Spikes|p1a: Florges
|-sidestart|p1: p1|Spikes
|
|-weather|SunnyDay|[upkeep]
|-heal|p1a: Florges|85/100|[from] item: Leftovers
|-heal|p2a: Pressing Fissure|78/100|[from] item: Leftovers
|turn|9
|
|move|p1a: Florges|Moonblast|p2a: Pressing Fissure
|-supereffective|p2a: Pressing Fissure
|-damage|p2a: Pressing Fissure|50/100
|move|p2a: Pressing Fissure|Whirlwind|p1a: Florges
|drag|p1a: Skuntank|Skuntank, F|100/100
|-damage|p1a: Skuntank|88/100|[from] Stealth Rock
|-damage|p1a: Skuntank|76/100|[from] Spikes
|
|-weather|SunnyDay|[upkeep]
|-heal|p1a: Skuntank|100/100|[from] move: Wish|[wisher] Florges
|-heal|p2a: Pressing Fissure|56/100|[from] item: Leftovers
|turn|10
|
|move|p1a: Skuntank|Poison Jab|p2a: Pressing Fissure
|-resisted|p2a: Pressing Fissure
|-damage|p2a: Pressing Fissure|47/100
|move|p2a: Pressing Fissure|Spikes|p1a: Skuntank
|-sidestart|p1: p1|Spikes
|
|-weather|none
|-heal|p2a: Pressing Fissure|53/100|[from] item: Leftovers
|turn|11
|
|move|p1a: Skuntank|Trailblaze|p2a: Pressing Fissure
|-supereffective|p2a: Pressing Fissure
|-damage|p2a: Pressing Fissure|37/100
|-boost|p1a: Skuntank|spe|1
|move|p2a: Pressing Fissure|Spikes|p1a: Skuntank
|-sidestart|p1: p1|Spikes
|
|-heal|p2a: Pressing Fissure|43/100|[from] item: Leftovers
|turn|12
|
|move|p1a: Skuntank|Trailblaze|p2a: Pressing Fissure
|-supereffective|p2a: Pressing Fissure
|-damage|p2a: Pressing Fissure|27/100
|-boost|p1a: Skuntank|spe|1
|move|p2a: Pressing Fissure|Earthquake|p1a: Skuntank
|-supereffective|p1a: Skuntank
|-damage|p1a: Skuntank|0 fnt
|faint|p1a: Skuntank
|
|-heal|p2a: Pressing Fissure|34/100|[from] item: Leftovers
|
|switch|p1a: Slither Wing|Slither Wing|100/100
|-damage|p1a: Slither Wing|88/100|[from] Stealth Rock
|-damage|p1a: Slither Wing|64/100|[from] Spikes
|turn|13
|
|move|p1a: Slither Wing|Trailblaze|p2a: Pressing Fissure
|-supereffective|p2a: Pressing Fissure
|-damage|p2a: Pressing Fissure|15/100
|-boost|p1a: Slither Wing|spe|1
|move|p2a: Pressing Fissure|Whirlwind|p1a: Slither Wing
|-end|p1a: Slither Wing|Protosynthesis|[silent]
|drag|p1a: Scovillain|Scovillain, F|100/100
|-damage|p1a: Scovillain|76/100|[from] Stealth Rock
|-damage|p1a: Scovillain|51/100|[from] Spikes
|
|-heal|p2a: Pressing Fissure|22/100|[from] item: Leftovers
|turn|14
|
|switch|p2a: Elia|Farigiraf, F|100/100
|-damage|p2a: Elia|88/100|[from] Stealth Rock
|move|p1a: Scovillain|Seed Bomb|p2a: Elia
|-ability|p2a: Elia|Sap Sipper|boost
|-boost|p2a: Elia|atk|1
|
|turn|15
|
|move|p1a: Scovillain|Flamethrower|p2a: Elia
|-crit|p2a: Elia
|-damage|p2a: Elia|51/100
|-status|p2a: Elia|brn
|move|p2a: Elia|Wish|p2a: Elia
|
|-damage|p2a: Elia|45/100 brn|[from] brn
|turn|16
|
|switch|p1a: Torkoal|Torkoal, M|72/100
|-damage|p1a: Torkoal|47/100|[from] Stealth Rock
|-damage|p1a: Torkoal|22/100|[from] Spikes
|-weather|SunnyDay|[from] ability: Drought|[of] p1a: Torkoal
|move|p2a: Elia|Light Screen|p2a: Elia
|-sidestart|p2: p2|move: Light Screen
|
|-weather|SunnyDay|[upkeep]
|-heal|p2a: Elia|95/100 brn|[from] move: Wish|[wisher] Elia
|-damage|p2a: Elia|89/100 brn|[from] brn
|turn|17
|
|move|p2a: Elia|Wish|p2a: Elia
|move|p1a: Torkoal|Rapid Spin|p2a: Elia
|-damage|p2a: Elia|79/100 brn
|-boost|p1a: Torkoal|spe|1
|-sideend|p1: p1|Spikes|[from] move: Rapid Spin|[of] p1a: Torkoal
|-sideend|p1: p1|Stealth Rock|[from] move: Rapid Spin|[of] p1a: Torkoal
|
|-weather|SunnyDay|[upkeep]
|-damage|p2a: Elia|73/100 brn|[from] brn
|turn|18
|
|move|p2a: Elia|Psyshock|p1a: Torkoal
|-damage|p1a: Torkoal|5/100
|move|p1a: Torkoal|Solar Beam||[still]
|-prepare|p1a: Torkoal|Solar Beam
|-anim|p1a: Torkoal|Solar Beam|p2a: Elia
|-ability|p2a: Elia|Sap Sipper|boost
|-boost|p2a: Elia|atk|1
|
|-weather|SunnyDay|[upkeep]
|-heal|p2a: Elia|100/100 brn|[from] move: Wish|[wisher] Elia
|-damage|p2a: Elia|94/100 brn|[from] brn
|turn|19
|
|move|p2a: Elia|Wish|p2a: Elia
|move|p1a: Torkoal|Lava Plume|p2a: Elia
|-damage|p2a: Elia|81/100 brn
|
|-weather|SunnyDay|[upkeep]
|-damage|p2a: Elia|75/100 brn|[from] brn
|turn|20
|
|move|p2a: Elia|Psyshock|p1a: Torkoal
|-damage|p1a: Torkoal|0 fnt
|faint|p1a: Torkoal
|
|-weather|SunnyDay|[upkeep]
|-heal|p2a: Elia|100/100 brn|[from] move: Wish|[wisher] Elia
|-damage|p2a: Elia|94/100 brn|[from] brn
|
|switch|p1a: Scovillain|Scovillain, F|51/100
|turn|21
|
|move|p1a: Scovillain|Growth|p1a: Scovillain
|-boost|p1a: Scovillain|atk|2
|-boost|p1a: Scovillain|spa|2
|move|p2a: Elia|Psyshock|p1a: Scovillain
|-damage|p1a: Scovillain|0 fnt
|faint|p1a: Scovillain
|
|-weather|SunnyDay|[upkeep]
|-damage|p2a: Elia|88/100 brn|[from] brn
|
|switch|p1a: Slither Wing|Slither Wing|64/100
|-activate|p1a: Slither Wing|ability: Protosynthesis
|-start|p1a: Slither Wing|protosynthesisatk
|turn|22
|
|-terastallize|p2a: Elia|Fairy
|move|p1a: Slither Wing|Leech Life|p2a: Elia
|-resisted|p2a: Elia
|-damage|p2a: Elia|59/100 brn
|-heal|p1a: Slither Wing|85/100|[from] drain|[of] p2a: Elia
|move|p2a: Elia|Psyshock|p1a: Slither Wing
|-supereffective|p1a: Slither Wing
|-damage|p1a: Slither Wing|4/100
|
|-weather|SunnyDay|[upkeep]
|-heal|p1a: Slither Wing|10/100|[from] item: Leftovers
|-damage|p2a: Elia|53/100 brn|[from] brn
|turn|23
|
|-terastallize|p1a: Slither Wing|Flying
|move|p1a: Slither Wing|Dual Wingbeat|p2a: Elia
|-damage|p2a: Elia|25/100 brn
|-damage|p2a: Elia|0 fnt
|faint|p2a: Elia
|-hitcount|p2: Elia|2
|
|-weather|none
|-end|p1a: Slither Wing|Protosynthesis
|-heal|p1a: Slither Wing|16/100|[from] item: Leftovers
|-sideend|p2: p2|move: Light Screen
|
|switch|p2a: Zeus|Raichu, M, shiny|100/100
|-damage|p2a: Zeus|88/100|[from] Stealth Rock
|turn|24
|
|-end|p1a: Slither Wing|Protosynthesis|[silent]
|switch|p1a: Florges|Florges, F|85/100
|move|p2a: Zeus|Fake Out|p1a: Florges
|-damage|p1a: Florges|71/100
|
|-heal|p1a: Florges|77/100|[from] item: Leftovers
|turn|25
|
|move|p2a: Zeus|Nuzzle|p1a: Florges
|-damage|p1a: Florges|67/100
|-status|p1a: Florges|par
|cant|p1a: Florges|par
|
|-heal|p1a: Florges|73/100 par|[from] item: Leftovers
|turn|26
|
|move|p2a: Zeus|Play Rough|p1a: Florges
|-damage|p1a: Florges|42/100 par
|move|p1a: Florges|Wish|p1a: Florges
|
|-heal|p1a: Florges|49/100 par|[from] item: Leftovers
|turn|27
|
|move|p1a: Florges|Protect|p1a: Florges
|-singleturn|p1a: Florges|Protect
|move|p2a: Zeus|Play Rough|p1a: Florges
|-activate|p1a: Florges|move: Protect
|
|-heal|p1a: Florges|99/100 par|[from] move: Wish|[wisher] Florges
|-heal|p1a: Florges|100/100 par|[from] item: Leftovers
|turn|28
|
|move|p2a: Zeus|Play Rough|p1a: Florges
|-damage|p1a: Florges|68/100 par
|move|p1a: Florges|Moonblast|p2a: Zeus
|-damage|p2a: Zeus|33/100
|
|-heal|p1a: Florges|74/100 par|[from] item: Leftovers
|turn|29
|
|move|p2a: Zeus|Play Rough|p1a: Florges
|-crit|p1a: Florges
|-damage|p1a: Florges|30/100 par
|cant|p1a: Florges|par
|
|-heal|p1a: Florges|36/100 par|[from] item: Leftovers
|turn|30
|
|move|p1a: Florges|Protect|p1a: Florges
|-singleturn|p1a: Florges|Protect
|move|p2a: Zeus|Play Rough|p1a: Florges
|-activate|p1a: Florges|move: Protect
|
|-heal|p1a: Florges|42/100 par|[from] item: Leftovers
|turn|31
|
|move|p2a: Zeus|Play Rough|p1a: Florges
|-damage|p1a: Florges|11/100 par
|move|p1a: Florges|Wish|p1a: Florges
|
|-heal|p1a: Florges|17/100 par|[from] item: Leftovers
|turn|32
|
|cant|p1a: Florges|par
|move|p2a: Zeus|Play Rough|p1a: Florges
|-damage|p1a: Florges|0 fnt
|faint|p1a: Florges
|
|
|switch|p1a: Slither Wing|Slither Wing, tera:Flying|16/100
|turn|33
|
|move|p2a: Zeus|Play Rough|p1a: Slither Wing
|-damage|p1a: Slither Wing|0 fnt
|faint|p1a: Slither Wing
|-end|p1a: Slither Wing|Protosynthesis|[silent]
|
|win|p2
|player|p1|p1|170
