# advantage = p2
|poke|p1|Urshifu-*, F|
|poke|p1|Pelipper, F|
|poke|p1|Basculegion-F, F|
|poke|p1|Amoonguss, M|
|poke|p1|Samurott-Hisui, M|
|poke|p1|Thundurus-Therian, M|
|poke|p2|Arcanine-Hisui, M|
|poke|p2|Toxapex, M|
|poke|p2|Corviknight, F|
|poke|p2|Dragapult, F|
|poke|p2|Volcanion|
|poke|p2|Hoopa-Unbound|
|teampreview
|
|start
|switch|p1a: Urshifu|Urshifu-Rapid-Strike, F|100/100
|switch|p2a: Hoopa|Hoopa-Unbound|100/100
|turn|1
|
|move|p2a: Hoopa|Psychic|p1a: Urshifu
|-supereffective|p1a: Urshifu
|-damage|p1a: Urshifu|0 fnt
|faint|p1a: Urshifu
|
|
|switch|p1a: Pelipper|Pelipper, F|100/100
|-weather|RainDance|[from] ability: Drizzle|[of] p1a: Pelipper
|turn|2
|
|switch|p1a: Samurott|Samurott-Hisui, M|100/100
|move|p2a: Hoopa|Psychic|p1a: Samurott
|-immune|p1a: Samurott
|
|-weather|RainDance|[upkeep]
|turn|3
|
|switch|p2a: Toxapex|Toxapex, M|100/100
|move|p1a: Samurott|Ceaseless Edge|p2a: Toxapex|[miss]
|-miss|p1a: Samurott|p2a: Toxapex
|
|-weather|RainDance|[upkeep]
|turn|4
|
|move|p2a: Toxapex|Baneful Bunker|p2a: Toxapex
|-singleturn|p2a: Toxapex|move: Protect
|move|p1a: Samurott|Ceaseless Edge|p2a: Toxapex
|-activate|p2a: Toxapex|move: Protect
|-status|p1a: Samurott|psn
|
|-weather|RainDance|[upkeep]
|-damage|p1a: Samurott|88/100 psn|[from] psn
|turn|5
|
|move|p1a: Samurott|Ceaseless Edge|p2a: Toxapex
|-damage|p2a: Toxapex|70/100
|-sidestart|p2: p2|Spikes
|move|p2a: Toxapex|Recover|p2a: Toxapex
|-heal|p2a: Toxapex|100/100
|
|-weather|RainDance|[upkeep]
|-damage|p1a: Samurott|76/100 psn|[from] psn
|turn|6
|
|switch|p1a: Thundurus|Thundurus-Therian, M|100/100
|move|p2a: Toxapex|Surf|p1a: Thundurus
|-damage|p1a: Thundurus|61/100
|
|-weather|RainDance|[upkeep]
|-heal|p1a: Thundurus|67/100|[from] item: Leftovers
|turn|7
|
|move|p2a: Toxapex|Baneful Bunker|p2a: Toxapex
|-singleturn|p2a: Toxapex|move: Protect
|move|p1a: Thundurus|Thunder|p2a: Toxapex
|-activate|p2a: Toxapex|move: Protect
|
|-weather|RainDance|[upkeep]
|-heal|p1a: Thundurus|73/100|[from] item: Leftovers
|turn|8
|
|-terastallize|p2a: Toxapex|Ground
|move|p1a: Thundurus|Thunder|p2a: Toxapex
|-immune|p2a: Toxapex
|move|p2a: Toxapex|Toxic|p1a: Thundurus
|-status|p1a: Thundurus|tox
|
|-weather|RainDance|[upkeep]
|-heal|p1a: Thundurus|79/100 tox|[from] item: Leftovers
|-damage|p1a: Thundurus|73/100 tox|[from] psn
|turn|9
|
|switch|p1a: Amoonguss|Amoonguss, M|100/100
|move|p2a: Toxapex|Surf|p1a: Amoonguss
|-resisted|p1a: Amoonguss
|-damage|p1a: Amoonguss|88/100
|
|-weather|none
|turn|10
|
|switch|p2a: Corviknight|Corviknight, F|100/100
|-ability|p2a: Corviknight|Pressure
|move|p1a: Amoonguss|Giga Drain|p2a: Corviknight
|-resisted|p2a: Corviknight
|-damage|p2a: Corviknight|96/100
|-heal|p1a: Amoonguss|90/100|[from] drain|[of] p2a: Corviknight
|
|turn|11
|
|move|p2a: Corviknight|Defog|p1a: Amoonguss
|-unboost|p1a: Amoonguss|evasion|1
|-sideend|p2: p2|Spikes|[from] move: Defog|[of] p2a: Corviknight
|move|p1a: Amoonguss|Spore|p2a: Corviknight
|-status|p2a: Corviknight|slp|[from] move: Spore
|
|turn|12
|
|switch|p2a: Volcanion|Volcanion|100/100
|switch|p1a: Pelipper|Pelipper, F|100/100
|-weather|RainDance|[from] ability: Drizzle|[of] p1a: Pelipper
|
|-weather|RainDance|[upkeep]
|turn|13
|
|switch|p1a: Amoonguss|Amoonguss, M|100/100
|move|p2a: Volcanion|Steam Eruption|p1a: Amoonguss
|-resisted|p1a: Amoonguss
|-damage|p1a: Amoonguss|64/100
|
|-weather|RainDance|[upkeep]
|turn|14
|
|switch|p1a: Samurott|Samurott-Hisui, M|76/100 psn
|move|p2a: Volcanion|Flamethrower|p1a: Samurott
|-resisted|p1a: Samurott
|-damage|p1a: Samurott|57/100 psn
|
|-weather|RainDance|[upkeep]
|-damage|p1a: Samurott|44/100 psn|[from] psn
|turn|15
|
|switch|p2a: Toxapex|Toxapex, M, tera:Ground|100/100
|move|p1a: Samurott|Ceaseless Edge|p2a: Toxapex|[miss]
|-miss|p1a: Samurott|p2a: Toxapex
|
|-weather|RainDance|[upkeep]
|-damage|p1a: Samurott|32/100 psn|[from] psn
|turn|16
|
|switch|p1a: Basculegion|Basculegion-F, F|100/100
|move|p2a: Toxapex|Surf|p1a: Basculegion
|-resisted|p1a: Basculegion
|-damage|p1a: Basculegion|86/100
|
|-weather|RainDance|[upkeep]
|turn|17
|
|move|p2a: Toxapex|Baneful Bunker|p2a: Toxapex
|-singleturn|p2a: Toxapex|move: Protect
|move|p1a: Basculegion|Ice Beam|p2a: Toxapex
|-activate|p2a: Toxapex|move: Protect
|
|-weather|RainDance|[upkeep]
|turn|18
|
|switch|p2a: Corviknight|Corviknight, F|96/100 slp
|-ability|p2a: Corviknight|Pressure
|move|p1a: Basculegion|Ice Beam|p2a: Corviknight
|-damage|p2a: Corviknight|56/100 slp
|
|-weather|RainDance|[upkeep]
|turn|19
|
|move|p1a: Basculegion|Ice Beam|p2a: Corviknight
|-crit|p2a: Corviknight
|-damage|p2a: Corviknight|3/100 slp
|cant|p2a: Corviknight|slp
|
|-weather|none
|turn|20
|
|move|p1a: Basculegion|Ice Beam|p2a: Corviknight
|-damage|p2a: Corviknight|0 fnt
|faint|p2a: Corviknight
|
|
|switch|p2a: Hoopa|Hoopa-Unbound|100/100
|turn|21
|
|switch|p1a: Pelipper|Pelipper, F|100/100
|-weather|RainDance|[from] ability: Drizzle|[of] p1a: Pelipper
|move|p2a: Hoopa|Trick|p1a: Pelipper
|-activate|p2a: Hoopa|move: Trick|[of] p1a: Pelipper
|-item|p1a: Pelipper|Choice Scarf|[from] move: Trick
|-item|p2a: Hoopa|Damp Rock|[from] move: Trick
|
|-weather|RainDance|[upkeep]
|turn|22
|
|move|p2a: Hoopa|Shadow Ball|p1a: Pelipper
|-damage|p1a: Pelipper|54/100
|-unboost|p1a: Pelipper|spd|1
|move|p1a: Pelipper|U-turn|p2a: Hoopa
|-supereffective|p2a: Hoopa
|-damage|p2a: Hoopa|34/100
|
|switch|p1a: Samurott|Samurott-Hisui, M|32/100 psn|[from] U-turn
|
|-weather|RainDance|[upkeep]
|-damage|p1a: Samurott|19/100 psn|[from] psn
|turn|23
|
|switch|p2a: Volcanion|Volcanion|100/100
|move|p1a: Samurott|Ceaseless Edge|p2a: Volcanion|[miss]
|-miss|p1a: Samurott|p2a: Volcanion
|
|-weather|RainDance|[upkeep]
|-damage|p1a: Samurott|7/100 psn|[from] psn
|turn|24
|
|move|p1a: Samurott|Ceaseless Edge|p2a: Volcanion
|-damage|p2a: Volcanion|62/100
|-sidestart|p2: p2|Spikes
|move|p2a: Volcanion|Steam Eruption|p1a: Samurott
|-resisted|p1a: Samurott
|-damage|p1a: Samurott|0 fnt
|faint|p1a: Samurott
|
|-weather|RainDance|[upkeep]
|-heal|p2a: Volcanion|68/100|[from] item: Leftovers
|
|switch|p1a: Thundurus|Thundurus-Therian, M|73/100 tox
|turn|25
|
|switch|p2a: Toxapex|Toxapex, M, tera:Ground|100/100
|-damage|p2a: Toxapex|88/100|[from] Spikes
|move|p1a: Thundurus|Substitute|p1a: Thundurus
|-start|p1a: Thundurus|Substitute
|-damage|p1a: Thundurus|48/100 tox
|
|-weather|RainDance|[upkeep]
|-heal|p1a: Thundurus|54/100 tox|[from] item: Leftovers
|-heal|p2a: Toxapex|94/100|[from] item: Leftovers
|-damage|p1a: Thundurus|48/100 tox|[from] psn
|turn|26
|
|move|p1a: Thundurus|Nasty Plot|p1a: Thundurus
|-boost|p1a: Thundurus|spa|2
|move|p2a: Toxapex|Surf|p1a: Thundurus
|-end|p1a: Thundurus|Substitute
|
|-weather|RainDance|[upkeep]
|-heal|p1a: Thundurus|54/100 tox|[from] item: Leftovers
|-heal|p2a: Toxapex|99/100|[from] item: Leftovers
|-damage|p1a: Thundurus|42/100 tox|[from] psn
|turn|27
|
|-terastallize|p1a: Thundurus|Ice
|move|p1a: Thundurus|Tera Blast|p2a: Toxapex
|-supereffective|p2a: Toxapex
|-damage|p2a: Toxapex|0 fnt
|faint|p2a: Toxapex
|
|-weather|RainDance|[upkeep]
|-heal|p1a: Thundurus|48/100 tox|[from] item: Leftovers
|-damage|p1a: Thundurus|30/100 tox|[from] psn
|
|switch|p2a: Arcanine|Arcanine-Hisui, M|100/100
|-damage|p2a: Arcanine|88/100|[from] Spikes
|turn|28
|
|move|p2a: Arcanine|Extreme Speed|p1a: Thundurus
|-damage|p1a: Thundurus|0 fnt
|faint|p1a: Thundurus
|
|-weather|none
|
|switch|p1a: Pelipper|Pelipper, F|54/100
|-weather|RainDance|[from] ability: Drizzle|[of] p1a: Pelipper
|turn|29
|
|switch|p2a: Volcanion|Volcanion|68/100
|-damage|p2a: Volcanion|56/100|[from] Spikes
|move|p1a: Pelipper|Surf|p2a: Volcanion
|-heal|p2a: Volcanion|81/100|[from] ability: Water Absorb|[of] p1a: Pelipper
|
|-weather|RainDance|[upkeep]
|-heal|p2a: Volcanion|87/100|[from] item: Leftovers
|turn|30
|
|switch|p1a: Basculegion|Basculegion-F, F|86/100
|move|p2a: Volcanion|Steam Eruption|p1a: Basculegion
|-resisted|p1a: Basculegion
|-damage|p1a: Basculegion|32/100
|-status|p1a: Basculegion|brn
|
|-weather|RainDance|[upkeep]
|-heal|p2a: Volcanion|93/100|[from] item: Leftovers
|-damage|p1a: Basculegion|26/100 brn|[from] brn
|turn|31
|
|move|p1a: Basculegion|Shadow Ball|p2a: Volcanion
|-damage|p2a: Volcanion|40/100
|move|p2a: Volcanion|Steam Eruption|p1a: Basculegion
|-resisted|p1a: Basculegion
|-damage|p1a: Basculegion|0 fnt
|faint|p1a: Basculegion
|
|-weather|RainDance|[upkeep]
|-heal|p2a: Volcanion|47/100|[from] item: Leftovers
|-message|p1 forfeited.
|
|win|p2
