# advantage = p1
|poke|p1|Ursaluna, F|
|poke|p1|Dragapult, F|
|poke|p1|Slowking, F|
|poke|p1|Corviknight, M|
|poke|p1|Kingambit, M|
|poke|p1|Sneasler, F|
|poke|p2|Tinkaton, F|
|poke|p2|Basculegion-F, F|
|poke|p2|Garchomp, F|
|poke|p2|Sneasler, M|
|poke|p2|Toxapex, M|
|poke|p2|Hydreigon, M|
|teampreview
|
|start
|switch|p1a: Dragapult|Dragapult, F|100/100
|switch|p2a: Tinkaton|Tinkaton, F|100/100
|-ability|p2a: Tinkaton|Mold Breaker
|turn|1
|
|move|p1a: Dragapult|U-turn|p2a: Tinkaton
|-resisted|p2a: Tinkaton
|-damage|p2a: Tinkaton|94/100
|
|switch|p1a: Ursaluna|Ursaluna, F, shiny|100/100|[from] U-turn
|move|p2a: Tinkaton|Thunder Wave|p1a: Ursaluna
|-immune|p1a: Ursaluna
|
|-heal|p2a: Tinkaton|100/100|[from] item: Leftovers
|-status|p1a: Ursaluna|brn|[from] item: Flame Orb
|turn|2
|
|move|p2a: Tinkaton|Gigaton Hammer|p1a: Ursaluna
|-damage|p1a: Ursaluna|67/100 brn
|move|p1a: Ursaluna|Headlong Rush|p2a: Tinkaton
|-supereffective|p2a: Tinkaton
|-crit|p2a: Tinkaton
|-damage|p2a: Tinkaton|0 fnt
|-unboost|p1a: Ursaluna|def|1
|-unboost|p1a: Ursaluna|spd|1
|faint|p2a: Tinkaton
|
|-damage|p1a: Ursaluna|61/100 brn|[from] brn
|
|switch|p2a: Basculegion|Basculegion-F, F|100/100
|turn|3
|
|switch|p1a: Slowking|Slowking, F|100/100
|move|p2a: Basculegion|Ice Beam|p1a: Slowking
|-resisted|p1a: Slowking
|-damage|p1a: Slowking|92/100
|
|-heal|p1a: Slowking|98/100|[from] item: Leftovers
|turn|4
|
|switch|p2a: Hydreigon|Hydreigon, M|100/100
|move|p1a: Slowking|Trick Room|p1a: Slowking
|-fieldstart|move: Trick Room|[of] p1a: Slowking
|
|-heal|p1a: Slowking|100/100|[from] item: Leftovers
|turn|5
|
|move|p1a: Slowking|Yawn|p2a: Hydreigon
|-start|p2a: Hydreigon|move: Yawn|[of] p1a: Slowking
|move|p2a: Hydreigon|Substitute|p2a: Hydreigon
|-start|p2a: Hydreigon|Substitute
|-damage|p2a: Hydreigon|76/100
|
|-heal|p2a: Hydreigon|82/100|[from] item: Leftovers
|turn|6
|
|switch|p1a: Ursaluna|Ursaluna, F, shiny|61/100 brn
|switch|p2a: Toxapex|Toxapex, M|100/100
|
|-damage|p1a: Ursaluna|54/100 brn|[from] brn
|turn|7
|
|switch|p2a: Garchomp|Garchomp, F|100/100
|move|p1a: Ursaluna|Headlong Rush|p2a: Garchomp
|-damage|p2a: Garchomp|3/100
|-unboost|p1a: Ursaluna|def|1
|-unboost|p1a: Ursaluna|spd|1
|-damage|p1a: Ursaluna|42/100 brn|[from] ability: Rough Skin|[of] p2a: Garchomp
|-damage|p1a: Ursaluna|26/100 brn|[from] item: Rocky Helmet|[of] p2a: Garchomp
|
|-damage|p1a: Ursaluna|20/100 brn|[from] brn
|turn|8
|
|move|p1a: Ursaluna|Headlong Rush|p2a: Garchomp
|-damage|p2a: Garchomp|0 fnt
|-unboost|p1a: Ursaluna|def|1
|-unboost|p1a: Ursaluna|spd|1
|-damage|p1a: Ursaluna|7/100 brn|[from] ability: Rough Skin|[of] p2a: Garchomp
|-damage|p1a: Ursaluna|0 fnt|[from] item: Rocky Helmet|[of] p2a: Garchomp
|faint|p2a: Garchomp
|faint|p1a: Ursaluna
|
|-fieldend|move: Trick Room
|
|switch|p2a: Hydreigon|Hydreigon, M|82/100
|switch|p1a: Dragapult|Dragapult, F|100/100
|turn|9
|
|-terastallize|p2a: Hydreigon|Steel
|move|p1a: Dragapult|Draco Meteor|p2a: Hydreigon
|-resisted|p2a: Hydreigon
|-damage|p2a: Hydreigon|33/100
|-unboost|p1a: Dragapult|spa|2
|move|p2a: Hydreigon|Dark Pulse|p1a: Dragapult
|-supereffective|p1a: Dragapult
|-damage|p1a: Dragapult|0 fnt
|faint|p1a: Dragapult
|
|-heal|p2a: Hydreigon|39/100|[from] item: Leftovers
|
|switch|p1a: Sneasler|Sneasler, F|100/100
|-item|p1a: Sneasler|Air Balloon
|turn|10
|
|move|p2a: Hydreigon|Flash Cannon|p1a: Sneasler
|-damage|p1a: Sneasler|50/100
|-enditem|p1a: Sneasler|Air Balloon
|move|p1a: Sneasler|Swords Dance|p1a: Sneasler
|-boost|p1a: Sneasler|atk|2
|
|-heal|p2a: Hydreigon|45/100|[from] item: Leftovers
|turn|11
|
|move|p1a: Sneasler|Close Combat|p2a: Hydreigon
|-supereffective|p2a: Hydreigon
|-damage|p2a: Hydreigon|0 fnt
|-unboost|p1a: Sneasler|def|1
|-unboost|p1a: Sneasler|spd|1
|faint|p2a: Hydreigon
|
|
|switch|p2a: Toxapex|Toxapex, M|100/100
|turn|12
|
|move|p1a: Sneasler|Swords Dance|p1a: Sneasler
|-boost|p1a: Sneasler|atk|2
|move|p2a: Toxapex|Surf|p1a: Sneasler
|-damage|p1a: Sneasler|17/100
|
|turn|13
|
|-terastallize|p1a: Sneasler|Flying
|move|p1a: Sneasler|Acrobatics|p2a: Toxapex
|-damage|p2a: Toxapex|0 fnt
|faint|p2a: Toxapex
|
|
|switch|p2a: Sneasler|Sneasler, M|100/100
|turn|14
|
|move|p2a: Sneasler|Fake Out|p1a: Sneasler
|-damage|p1a: Sneasler|0 fnt
|faint|p1a: Sneasler
|
|
|switch|p1a: Kingambit|Kingambit, M|100/100
|-activate|p1a: Kingambit|ability: Supreme Overlord
|-start|p1a: Kingambit|fallen3|[silent]
|turn|15
|
|move|p2a: Sneasler|Close Combat|p1a: Kingambit
|-supereffective|p1a: Kingambit
|-damage|p1a: Kingambit|0 fnt
|-unboost|p2a: Sneasler|def|1
|-unboost|p2a: Sneasler|spd|1
|faint|p1a: Kingambit
|-end|p1a: Kingambit|fallen3|[silent]
|
|-message|p1 forfeited.
|
|win|p2
