# advantage = p1
|poke|p1|Urshifu-*, M|
|poke|p1|Rillaboom, M|
|poke|p1|Zamazenta-*|
|poke|p1|Skeledirge, M|
|poke|p1|Ursaluna, M|
|poke|p1|Glimmora, M|
|poke|p2|Chien-Pao|
|poke|p2|Goodra-Hisui, M|
|poke|p2|Hatterene, F|
|poke|p2|Landorus-Therian, M|
|poke|p2|Dragapult, M|
|poke|p2|Great Tusk|
|teampreview
|
|start
|switch|p1a: Glimmora|Glimmora, M|100/100
|switch|p2a: Goodra|Goodra-Hisui, M|100/100
|turn|1
|
|move|p1a: Glimmora|Stealth Rock|p2a: Goodra
|-sidestart|p2: p2|move: Stealth Rock
|move|p2a: Goodra|Flash Cannon|p1a: Glimmora
|-supereffective|p1a: Glimmora
|-enditem|p1a: Glimmora|Focus Sash
|-damage|p1a: Glimmora|1/100
|
|turn|2
|
|switch|p1a: Rillaboom|Rillaboom, M|100/100
|-fieldstart|move: Grassy Terrain|[from] ability: Grassy Surge|[of] p1a: Rillaboom
|move|p2a: Goodra|Flash Cannon|p1a: Rillaboom
|-damage|p1a: Rillaboom|81/100
|
|-heal|p1a: Rillaboom|87/100|[from] Grassy Terrain
|turn|3
|
|switch|p2a: Landorus|Landorus-Therian, M|100/100
|-damage|p2a: Landorus|88/100|[from] Stealth Rock
|-ability|p2a: Landorus|Intimidate|boost
|-unboost|p1a: Rillaboom|atk|1
|move|p1a: Rillaboom|Knock Off|p2a: Landorus
|-damage|p2a: Landorus|73/100
|-enditem|p2a: Landorus|Leftovers|[from] move: Knock Off|[of] p1a: Rillaboom
|
|-heal|p1a: Rillaboom|93/100|[from] Grassy Terrain
|turn|4
|
|switch|p1a: Urshifu|Urshifu-Rapid-Strike, M|100/100
|move|p2a: Landorus|Stealth Rock|p1a: Urshifu
|-sidestart|p1: p1|move: Stealth Rock
|
|turn|5
|
|move|p1a: Urshifu|Swords Dance|p1a: Urshifu
|-boost|p1a: Urshifu|atk|2
|move|p2a: Landorus|Grass Knot|p1a: Urshifu
|-supereffective|p1a: Urshifu
|-damage|p1a: Urshifu|26/100
|
|-heal|p1a: Urshifu|32/100|[from] Grassy Terrain
|turn|6
|
|move|p1a: Urshifu|Surging Strikes|p2a: Landorus
|-supereffective|p2a: Landorus
|-crit|p2a: Landorus
|-damage|p2a: Landorus|1/100
|-supereffective|p2a: Landorus
|-crit|p2a: Landorus
|-damage|p2a: Landorus|0 fnt
|faint|p2a: Landorus
|-hitcount|p2: Landorus|2
|
|-heal|p1a: Urshifu|38/100|[from] Grassy Terrain
|-fieldend|move: Grassy Terrain
|
|switch|p2a: Dragapult|Dragapult, M|100/100
|-damage|p2a: Dragapult|88/100|[from] Stealth Rock
|turn|7
|
|move|p1a: Urshifu|Aqua Jet|p2a: Dragapult
|-resisted|p2a: Dragapult
|-damage|p2a: Dragapult|57/100
|move|p2a: Dragapult|Shadow Ball|p1a: Urshifu
|-damage|p1a: Urshifu|0 fnt
|faint|p1a: Urshifu
|
|
|switch|p1a: Rillaboom|Rillaboom, M|93/100
|-damage|p1a: Rillaboom|81/100|[from] Stealth Rock
|-fieldstart|move: Grassy Terrain|[from] ability: Grassy Surge|[of] p1a: Rillaboom
|turn|8
|
|switch|p2a: Great Tusk|Great Tusk|100/100
|-damage|p2a: Great Tusk|98/100|[from] Stealth Rock
|move|p1a: Rillaboom|Knock Off|p2a: Great Tusk
|-resisted|p2a: Great Tusk
|-damage|p2a: Great Tusk|91/100
|-damage|p1a: Rillaboom|64/100|[from] item: Rocky Helmet|[of] p2a: Great Tusk
|-enditem|p2a: Great Tusk|Rocky Helmet|[from] move: Knock Off|[of] p1a: Rillaboom
|
|-heal|p2a: Great Tusk|97/100|[from] Grassy Terrain
|-heal|p1a: Rillaboom|71/100|[from] Grassy Terrain
|turn|9
|
|-end|p2a: Great Tusk|Protosynthesis|[silent]
|switch|p2a: Goodra|Goodra-Hisui, M|100/100
|-damage|p2a: Goodra|94/100|[from] Stealth Rock
|move|p1a: Rillaboom|Drum Beating|p2a: Goodra
|-ability|p2a: Goodra|Sap Sipper|boost
|-boost|p2a: Goodra|atk|1
|
|-heal|p1a: Rillaboom|77/100|[from] Grassy Terrain
|-heal|p2a: Goodra|100/100|[from] Grassy Terrain
|turn|10
|
|move|p1a: Rillaboom|Stomping Tantrum|p2a: Goodra
|-supereffective|p2a: Goodra
|-damage|p2a: Goodra|22/100
|move|p2a: Goodra|Flamethrower|p1a: Rillaboom
|-supereffective|p1a: Rillaboom
|-crit|p1a: Rillaboom
|-damage|p1a: Rillaboom|36/100
|
|-heal|p1a: Rillaboom|42/100|[from] Grassy Terrain
|-heal|p2a: Goodra|29/100|[from] Grassy Terrain
|turn|11
|
|switch|p2a: Great Tusk|Great Tusk|97/100
|-damage|p2a: Great Tusk|94/100|[from] Stealth Rock
|move|p1a: Rillaboom|Stomping Tantrum|p2a: Great Tusk
|-damage|p2a: Great Tusk|84/100
|
|-heal|p2a: Great Tusk|90/100|[from] Grassy Terrain
|-heal|p1a: Rillaboom|48/100|[from] Grassy Terrain
|turn|12
|
|move|p2a: Great Tusk|Rapid Spin|p1a: Rillaboom
|-damage|p1a: Rillaboom|35/100
|-boost|p2a: Great Tusk|spe|1
|-sideend|p2: p2|Stealth Rock|[from] move: Rapid Spin|[of] p2a: Great Tusk
|move|p1a: Rillaboom|Drum Beating|p2a: Great Tusk
|-supereffective|p2a: Great Tusk
|-damage|p2a: Great Tusk|47/100
|-unboost|p2a: Great Tusk|spe|1
|
|-heal|p2a: Great Tusk|53/100|[from] Grassy Terrain
|-heal|p1a: Rillaboom|41/100|[from] Grassy Terrain
|-fieldend|move: Grassy Terrain
|turn|13
|
|move|p2a: Great Tusk|Body Press|p1a: Rillaboom
|-damage|p1a: Rillaboom|0 fnt
|faint|p1a: Rillaboom
|
|
|switch|p1a: Skeledirge|Skeledirge, M|100/100
|turn|14
|
|move|p2a: Great Tusk|Earthquake|p1a: Skeledirge
|-supereffective|p1a: Skeledirge
|-damage|p1a: Skeledirge|52/100
|move|p1a: Skeledirge|Torch Song|p2a: Great Tusk
|-damage|p2a: Great Tusk|14/100
|-boost|p1a: Skeledirge|spa|1
|
|turn|15
|
|move|p2a: Great Tusk|Earthquake|p1a: Skeledirge
|-supereffective|p1a: Skeledirge
|-damage|p1a: Skeledirge|1/100
|move|p1a: Skeledirge|Slack Off|p1a: Skeledirge
|-heal|p1a: Skeledirge|51/100
|
|turn|16
|
|move|p2a: Great Tusk|Earthquake|p1a: Skeledirge
|-supereffective|p1a: Skeledirge
|-damage|p1a: Skeledirge|0 fnt
|faint|p1a: Skeledirge
|
|
|switch|p1a: Zamazenta|Zamazenta-Crowned|100/100
|-damage|p1a: Zamazenta|97/100|[from] Stealth Rock
|-ability|p1a: Zamazenta|Dauntless Shield|boost
|-boost|p1a: Zamazenta|def|1
|turn|17
|
|move|p1a: Zamazenta|Iron Defense|p1a: Zamazenta
|-boost|p1a: Zamazenta|def|2
|move|p2a: Great Tusk|Body Press|p1a: Zamazenta
|-supereffective|p1a: Zamazenta
|-damage|p1a: Zamazenta|78/100
|
|turn|18
|
|move|p1a: Zamazenta|Iron Defense|p1a: Zamazenta
|-boost|p1a: Zamazenta|def|2
|move|p2a: Great Tusk|Body Press|p1a: Zamazenta
|-supereffective|p1a: Zamazenta
|-damage|p1a: Zamazenta|63/100
|
|turn|19
|
|move|p1a: Zamazenta|Body Press|p2a: Great Tusk
|-damage|p2a: Great Tusk|0 fnt
|faint|p2a: Great Tusk
|-end|p2a: Great Tusk|Protosynthesis|[silent]
|
|
|switch|p2a: Hatterene|Hatterene, F|100/100
|turn|20
|
|move|p1a: Zamazenta|Behemoth Bash|p2a: Hatterene
|-supereffective|p2a: Hatterene
|-damage|p2a: Hatterene|38/100
|move|p2a: Hatterene|Mystical Fire|p1a: Zamazenta
|-supereffective|p1a: Zamazenta
|-damage|p1a: Zamazenta|32/100
|-unboost|p1a: Zamazenta|spa|1
|
|-heal|p2a: Hatterene|44/100|[from] item: Leftovers
|turn|21
|
|move|p1a: Zamazenta|Behemoth Bash|p2a: Hatterene
|-supereffective|p2a: Hatterene
|-damage|p2a: Hatterene|0 fnt
|faint|p2a: Hatterene
|
|
|switch|p2a: Chien-Pao|Chien-Pao|100/100
|-ability|p2a: Chien-Pao|Sword of Ruin
|turn|22
|
|move|p2a: Chien-Pao|Sacred Sword|p1a: Zamazenta
|-supereffective|p1a: Zamazenta
|-damage|p1a: Zamazenta|0 fnt
|faint|p1a: Zamazenta
|-damage|p2a: Chien-Pao|91/100|[from] item: Life Orb
|
|
|switch|p1a: Ursaluna|Ursaluna, M|100/100
|-damage|p1a: Ursaluna|94/100|[from] Stealth Rock
|turn|23
|
|switch|p2a: Goodra|Goodra-Hisui, M|29/100
|-terastallize|p1a: Ursaluna|Normal
|move|p1a: Ursaluna|Facade|p2a: Goodra
|-resisted|p2a: Goodra
|-damage|p2a: Goodra|2/100
|
|-status|p1a: Ursaluna|brn|[from] item: Flame Orb
|turn|24
|
|move|p2a: Goodra|Flash Cannon|p1a: Ursaluna
|-damage|p1a: Ursaluna|59/100 brn
|move|p1a: Ursaluna|Facade|p2a: Goodra
|-resisted|p2a: Goodra
|-damage|p2a: Goodra|0 fnt
|faint|p2a: Goodra
|
|-damage|p1a: Ursaluna|53/100 brn|[from] brn
|
|switch|p2a: Chien-Pao|Chien-Pao|91/100
|-ability|p2a: Chien-Pao|Sword of Ruin
|turn|25
|
|move|p2a: Chien-Pao|Sacred Sword|p1a: Ursaluna
|-supereffective|p1a: Ursaluna
|-damage|p1a: Ursaluna|0 fnt
|faint|p1a: Ursaluna
|-damage|p2a: Chien-Pao|81/100|[from] item: Life Orb
|
|
|switch|p1a: Glimmora|Glimmora, M|1/100
|-damage|p1a: Glimmora|0 fnt|[from] Stealth Rock
|faint|p1a: Glimmora
|
|win|p2
