# advantage = p1
|poke|p1|Glimmora, M|
|poke|p1|Gholdengo|
|poke|p1|Ting-Lu|
|poke|p1|Iron Valiant|
|poke|p1|Dragonite, M|
|poke|p1|Dragapult, F|
|poke|p2|Amoonguss, F|
|poke|p2|Gholdengo|
|poke|p2|Ting-Lu|
|poke|p2|Great Tusk|
|poke|p2|Dragonite, F|
|poke|p2|Iron Valiant|
|teampreview
|
|start
|switch|p1a: Glimmora|Glimmora, M|100/100
|switch|p2a: Great Tusk|Great Tusk|100/100
|-item|p1a: Glimmora|Air Balloon
|turn|1
|
|move|p2a: Great Tusk|Close Combat|p1a: Glimmora
|-damage|p1a: Glimmora|35/100
|-unboost|p2a: Great Tusk|def|1
|-unboost|p2a: Great Tusk|spd|1
|-enditem|p2a: Great Tusk|Eject Pack
|-enditem|p1a: Glimmora|Air Balloon
|
|-end|p2a: Great Tusk|Protosynthesis|[silent]
|switch|p2a: Gholdengo|Gholdengo|100/100
|move|p1a: Glimmora|Toxic|p2a: Gholdengo
|-immune|p2a: Gholdengo|[from] ability: Good as Gold
|
|turn|2
|
|move|p2a: Gholdengo|Make It Rain|p1a: Glimmora
|-supereffective|p1a: Glimmora
|-damage|p1a: Glimmora|0 fnt
|-unboost|p2a: Gholdengo|spa|1
|faint|p1a: Glimmora
|
|
|switch|p1a: Ting-Lu|Ting-Lu|100/100
|-ability|p1a: Ting-Lu|Vessel of Ruin
|turn|3
|
|switch|p2a: Great Tusk|Great Tusk|100/100
|move|p1a: Ting-Lu|Spikes|p2a: Great Tusk
|-sidestart|p2: p2|Spikes
|
|turn|4
|
|move|p2a: Great Tusk|Stealth Rock|p1a: Ting-Lu
|-sidestart|p1: p1|move: Stealth Rock
|move|p1a: Ting-Lu|Stealth Rock|p2a: Great Tusk
|-sidestart|p2: p2|move: Stealth Rock
|
|turn|5
|
|move|p2a: Great Tusk|Rapid Spin|p1a: Ting-Lu
|-damage|p1a: Ting-Lu|93/100
|-boost|p2a: Great Tusk|spe|1
|-sideend|p2: p2|Spikes|[from] move: Rapid Spin|[of] p2a: Great Tusk
|-sideend|p2: p2|Stealth Rock|[from] move: Rapid Spin|[of] p2a: Great Tusk
|-enditem|p1a: Ting-Lu|Red Card|[of] p2a: Great Tusk
|-end|p2a: Great Tusk|Protosynthesis|[silent]
|drag|p2a: Iron Valiant|Iron Valiant|100/100
|-enditem|p2a: Iron Valiant|Booster Energy
|-activate|p2a: Iron Valiant|ability: Quark Drive|[fromitem]
|-start|p2a: Iron Valiant|quarkdrivespe
|move|p1a: Ting-Lu|Spikes|p2a: Iron Valiant
|-sidestart|p2: p2|Spikes
|
|turn|6
|
|-terastallize|p1a: Ting-Lu|Steel
|move|p2a: Iron Valiant|Spirit Break|p1a: Ting-Lu
|-resisted|p1a: Ting-Lu
|-damage|p1a: Ting-Lu|83/100
|-unboost|p1a: Ting-Lu|spa|1
|move|p1a: Ting-Lu|Heavy Slam|p2a: Iron Valiant
|-supereffective|p2a: Iron Valiant
|-damage|p2a: Iron Valiant|0 fnt
|faint|p2a: Iron Valiant
|-end|p2a: Iron Valiant|Quark Drive|[silent]
|
|
|switch|p2a: Great Tusk|Great Tusk|100/100
|-damage|p2a: Great Tusk|88/100|[from] Spikes
|turn|7
|
|switch|p1a: Gholdengo|Gholdengo|100/100
|-damage|p1a: Gholdengo|94/100|[from] Stealth Rock
|-item|p1a: Gholdengo|Air Balloon
|-terastallize|p2a: Great Tusk|Ground
|move|p2a: Great Tusk|Headlong Rush|p1a: Gholdengo
|-immune|p1a: Gholdengo
|
|turn|8
|
|-end|p2a: Great Tusk|Protosynthesis|[silent]
|switch|p2a: Ting-Lu|Ting-Lu|100/100
|-damage|p2a: Ting-Lu|88/100|[from] Spikes
|-ability|p2a: Ting-Lu|Vessel of Ruin
|move|p1a: Gholdengo|Make It Rain|p2a: Ting-Lu
|-damage|p2a: Ting-Lu|64/100
|-unboost|p1a: Gholdengo|spa|1
|
|-heal|p2a: Ting-Lu|70/100|[from] item: Leftovers
|turn|9
|
|switch|p1a: Ting-Lu|Ting-Lu, tera:Steel|83/100
|-damage|p1a: Ting-Lu|77/100|[from] Stealth Rock
|-ability|p1a: Ting-Lu|Vessel of Ruin
|move|p2a: Ting-Lu|Ruination|p1a: Ting-Lu
|-damage|p1a: Ting-Lu|39/100
|
|-heal|p2a: Ting-Lu|77/100|[from] item: Leftovers
|turn|10
|
|move|p1a: Ting-Lu|Spikes|p2a: Ting-Lu
|-sidestart|p2: p2|Spikes
|move|p2a: Ting-Lu|Earthquake|p1a: Ting-Lu
|-supereffective|p1a: Ting-Lu
|-damage|p1a: Ting-Lu|4/100
|
|-heal|p2a: Ting-Lu|83/100|[from] item: Leftovers
|turn|11
|
|move|p1a: Ting-Lu|Stealth Rock|p2a: Ting-Lu
|-sidestart|p2: p2|move: Stealth Rock
|move|p2a: Ting-Lu|Earthquake|p1a: Ting-Lu
|-supereffective|p1a: Ting-Lu
|-damage|p1a: Ting-Lu|0 fnt
|faint|p1a: Ting-Lu
|
|-heal|p2a: Ting-Lu|89/100|[from] item: Leftovers
|
|switch|p1a: Iron Valiant|Iron Valiant|100/100
|-damage|p1a: Iron Valiant|94/100|[from] Stealth Rock
|-enditem|p1a: Iron Valiant|Booster Energy
|-activate|p1a: Iron Valiant|ability: Quark Drive|[fromitem]
|-start|p1a: Iron Valiant|quarkdrivespe
|turn|12
|
|switch|p2a: Dragonite|Dragonite, F|100/100
|move|p1a: Iron Valiant|Knock Off|p2a: Dragonite
|-damage|p2a: Dragonite|84/100
|-enditem|p2a: Dragonite|Heavy-Duty Boots|[from] move: Knock Off|[of] p1a: Iron Valiant
|
|turn|13
|
|move|p2a: Dragonite|Extreme Speed|p1a: Iron Valiant
|-damage|p1a: Iron Valiant|56/100
|move|p1a: Iron Valiant|Spirit Break|p2a: Dragonite
|-supereffective|p2a: Dragonite
|-damage|p2a: Dragonite|2/100
|-unboost|p2a: Dragonite|spa|1
|
|turn|14
|
|-end|p1a: Iron Valiant|Quark Drive|[silent]
|switch|p1a: Dragapult|Dragapult, F|100/100
|-damage|p1a: Dragapult|88/100|[from] Stealth Rock
|switch|p2a: Amoonguss|Amoonguss, F|100/100
|-damage|p2a: Amoonguss|84/100|[from] Spikes
|-damage|p2a: Amoonguss|72/100|[from] Stealth Rock
|
|turn|15
|
|move|p1a: Dragapult|Flamethrower|p2a: Amoonguss
|-supereffective|p2a: Amoonguss
|-damage|p2a: Amoonguss|0 fnt
|faint|p2a: Amoonguss
|
|
|switch|p2a: Gholdengo|Gholdengo|100/100
|-damage|p2a: Gholdengo|84/100|[from] Spikes
|-damage|p2a: Gholdengo|78/100|[from] Stealth Rock
|turn|16
|
|switch|p1a: Iron Valiant|Iron Valiant|56/100
|-damage|p1a: Iron Valiant|50/100|[from] Stealth Rock
|move|p2a: Gholdengo|Shadow Ball|p1a: Iron Valiant
|-damage|p1a: Iron Valiant|0 fnt
|faint|p1a: Iron Valiant
|-end|p1a: Iron Valiant|Quark Drive|[silent]
|
|
|switch|p1a: Dragonite|Dragonite, M|100/100
|-damage|p1a: Dragonite|76/100|[from] Stealth Rock
|turn|17
|
|switch|p2a: Dragonite|Dragonite, F|2/100
|-damage|p2a: Dragonite|0 fnt|[from] Stealth Rock
|faint|p2a: Dragonite
|move|p1a: Dragonite|Earthquake|p2: Dragonite|[notarget]
|-fail|p1a: Dragonite
|
|
|switch|p2a: Ting-Lu|Ting-Lu|89/100
|-damage|p2a: Ting-Lu|72/100|[from] Spikes
|-damage|p2a: Ting-Lu|66/100|[from] Stealth Rock
|-ability|p2a: Ting-Lu|Vessel of Ruin
|turn|18
|
|move|p1a: Dragonite|Extreme Speed|p2a: Ting-Lu
|-damage|p2a: Ting-Lu|47/100
|move|p2a: Ting-Lu|Ruination|p1a: Dragonite
|-damage|p1a: Dragonite|38/100
|
|-heal|p2a: Ting-Lu|53/100|[from] item: Leftovers
|turn|19
|
|move|p1a: Dragonite|Dragon Dance|p1a: Dragonite
|-boost|p1a: Dragonite|atk|1
|-boost|p1a: Dragonite|spe|1
|move|p2a: Ting-Lu|Ruination|p1a: Dragonite
|-damage|p1a: Dragonite|19/100
|
|-heal|p2a: Ting-Lu|60/100|[from] item: Leftovers
|turn|20
|
|move|p1a: Dragonite|Dragon Dance|p1a: Dragonite
|-boost|p1a: Dragonite|atk|1
|-boost|p1a: Dragonite|spe|1
|move|p2a: Ting-Lu|Whirlwind|p1a: Dragonite
|drag|p1a: Dragapult|Dragapult, F|88/100
|-damage|p1a: Dragapult|76/100|[from] Stealth Rock
|
|-heal|p2a: Ting-Lu|66/100|[from] item: Leftovers
|turn|21
|
|switch|p2a: Great Tusk|Great Tusk, tera:Ground|88/100
|-damage|p2a: Great Tusk|72/100|[from] Spikes
|-damage|p2a: Great Tusk|65/100|[from] Stealth Rock
|move|p1a: Dragapult|Draco Meteor|p2a: Great Tusk
|-damage|p2a: Great Tusk|0 fnt
|-unboost|p1a: Dragapult|spa|2
|faint|p2a: Great Tusk
|-end|p2a: Great Tusk|Protosynthesis|[silent]
|
|
|switch|p2a: Gholdengo|Gholdengo|78/100
|-damage|p2a: Gholdengo|61/100|[from] Spikes
|-damage|p2a: Gholdengo|55/100|[from] Stealth Rock
|turn|22
|
|switch|p1a: Dragonite|Dragonite, M|19/100
|-damage|p1a: Dragonite|0 fnt|[from] Stealth Rock
|faint|p1a: Dragonite
|move|p2a: Gholdengo|Shadow Ball|p1: Dragonite|[notarget]
|-fail|p2a: Gholdengo
|
|
|switch|p1a: Gholdengo|Gholdengo|94/100
|-damage|p1a: Gholdengo|88/100|[from] Stealth Rock
|-item|p1a: Gholdengo|Air Balloon
|turn|23
|
|switch|p2a: Ting-Lu|Ting-Lu|66/100
|-damage|p2a: Ting-Lu|49/100|[from] Spikes
|-damage|p2a: Ting-Lu|43/100|[from] Stealth Rock
|-ability|p2a: Ting-Lu|Vessel of Ruin
|move|p1a: Gholdengo|Nasty Plot|p1a: Gholdengo
|-boost|p1a: Gholdengo|spa|2
|
|-heal|p2a: Ting-Lu|49/100|[from] item: Leftovers
|turn|24
|
|move|p1a: Gholdengo|Make It Rain|p2a: Ting-Lu
|-damage|p2a: Ting-Lu|0 fnt
|-unboost|p1a: Gholdengo|spa|1
|faint|p2a: Ting-Lu
|
|
|switch|p2a: Gholdengo|Gholdengo|55/100
|-damage|p2a: Gholdengo|39/100|[from] Spikes
|-damage|p2a: Gholdengo|33/100|[from] Stealth Rock
|turn|25
|
|move|p2a: Gholdengo|Shadow Ball|p1a: Gholdengo
|-supereffective|p1a: Gholdengo
|-damage|p1a: Gholdengo|6/100
|-enditem|p1a: Gholdengo|Air Balloon
|move|p1a: Gholdengo|Make It Rain|p2a: Gholdengo
|-resisted|p2a: Gholdengo
|-damage|p2a: Gholdengo|0 fnt
|-unboost|p1a: Gholdengo|spa|1
|faint|p2a: Gholdengo
|
|win|p1
