# advantage = p2
|poke|p1|Overqwil, F|
|poke|p1|Landorus-Therian, M|
|poke|p1|Iron Treads|
|poke|p1|Zapdos-Galar|
|poke|p1|Uxie|
|poke|p1|Dragapult, M|
|poke|p2|Arcanine-Hisui, M|
|poke|p2|Azumarill, F|
|poke|p2|Zapdos-Galar|
|poke|p2|Grimmsnarl, M|
|poke|p2|Glimmora, M|
|poke|p2|Urshifu-*, M|
|teampreview
|
|start
|switch|p1a: Uxie|Uxie|100/100
|switch|p2a: Glimmora|Glimmora, M|100/100
|turn|1
|
|move|p1a: Uxie|Stealth Rock|p2a: Glimmora
|-sidestart|p2: p2|move: Stealth Rock
|move|p2a: Glimmora|Stealth Rock|p1a: Uxie
|-sidestart|p1: p1|move: Stealth Rock
|
|turn|2
|
|move|p1a: Uxie|Future Sight|p2a: Glimmora
|-start|p1a: Uxie|move: Future Sight
|move|p2a: Glimmora|Spikes|p1a: Uxie
|-sidestart|p1: p1|Spikes
|
|turn|3
|
|move|p1a: Uxie|Thunder Wave|p2a: Glimmora
|-status|p2a: Glimmora|par
|move|p2a: Glimmora|Mortal Spin|p1a: Uxie
|-damage|p1a: Uxie|94/100
|-status|p1a: Uxie|psn
|-sideend|p2: p2|Stealth Rock|[from] move: Mortal Spin|[of] p2a: Glimmora
|
|-damage|p1a: Uxie|82/100 psn|[from] psn
|turn|4
|
|switch|p2a: Grimmsnarl|Grimmsnarl, M|100/100
|move|p1a: Uxie|Shadow Ball|p2a: Grimmsnarl
|-resisted|p2a: Grimmsnarl
|-damage|p2a: Grimmsnarl|91/100
|
|-end|p2a: Grimmsnarl|move: Future Sight
|-immune|p2a: Grimmsnarl
|-damage|p1a: Uxie|70/100 psn|[from] psn
|turn|5
|
|move|p2a: Grimmsnarl|Taunt|p1a: Uxie
|-start|p1a: Uxie|move: Taunt
|cant|p1a: Uxie|move: Taunt|Stealth Rock
|
|-damage|p1a: Uxie|57/100 psn|[from] psn
|turn|6
|
|switch|p1a: Iron Treads|Iron Treads|100/100
|-enditem|p1a: Iron Treads|Booster Energy
|-activate|p1a: Iron Treads|ability: Quark Drive|[fromitem]
|-start|p1a: Iron Treads|quarkdrivespe
|-damage|p1a: Iron Treads|97/100|[from] Stealth Rock
|-damage|p1a: Iron Treads|85/100|[from] Spikes
|move|p2a: Grimmsnarl|Reflect|p2a: Grimmsnarl
|-sidestart|p2: p2|Reflect
|
|turn|7
|
|move|p2a: Grimmsnarl|Parting Shot|p1a: Iron Treads
|-unboost|p1a: Iron Treads|atk|1
|-unboost|p1a: Iron Treads|spa|1
|
|switch|p2a: Urshifu|Urshifu-Rapid-Strike, M|100/100|[from] Parting Shot
|move|p1a: Iron Treads|Knock Off|p2a: Urshifu
|-resisted|p2a: Urshifu
|-crit|p2a: Urshifu
|-damage|p2a: Urshifu|79/100
|-enditem|p2a: Urshifu|Punching Glove|[from] move: Knock Off|[of] p1a: Iron Treads
|
|turn|8
|
|move|p1a: Iron Treads|Rapid Spin|p2a: Urshifu
|-damage|p2a: Urshifu|74/100
|-boost|p1a: Iron Treads|spe|1
|-sideend|p1: p1|Spikes|[from] move: Rapid Spin|[of] p1a: Iron Treads
|-sideend|p1: p1|Stealth Rock|[from] move: Rapid Spin|[of] p1a: Iron Treads
|move|p2a: Urshifu|Swords Dance|p2a: Urshifu
|-boost|p2a: Urshifu|atk|2
|
|turn|9
|
|move|p1a: Iron Treads|Earthquake|p2a: Urshifu
|-damage|p2a: Urshifu|59/100
|move|p2a: Urshifu|Trailblaze|p1a: Iron Treads
|-damage|p1a: Iron Treads|50/100
|-boost|p2a: Urshifu|spe|1
|
|turn|10
|
|move|p1a: Iron Treads|Iron Head|p2a: Urshifu
|-resisted|p2a: Urshifu
|-damage|p2a: Urshifu|52/100
|cant|p2a: Urshifu|flinch
|
|turn|11
|
|move|p1a: Iron Treads|Iron Head|p2a: Urshifu
|-resisted|p2a: Urshifu
|-damage|p2a: Urshifu|47/100
|cant|p2a: Urshifu|flinch
|
|turn|12
|
|move|p1a: Iron Treads|Iron Head|p2a: Urshifu
|-resisted|p2a: Urshifu
|-damage|p2a: Urshifu|40/100
|cant|p2a: Urshifu|flinch
|
|turn|13
|
|move|p1a: Iron Treads|Iron Head|p2a: Urshifu
|-resisted|p2a: Urshifu
|-damage|p2a: Urshifu|34/100
|cant|p2a: Urshifu|flinch
|
|-sideend|p2: p2|Reflect
|turn|14
|
|-terastallize|p1a: Iron Treads|Ground
|move|p1a: Iron Treads|Earthquake|p2a: Urshifu
|-damage|p2a: Urshifu|0 fnt
|faint|p2a: Urshifu
|
|
|switch|p2a: Grimmsnarl|Grimmsnarl, M|91/100
|turn|15
|
|move|p2a: Grimmsnarl|Reflect|p2a: Grimmsnarl
|-sidestart|p2: p2|Reflect
|move|p1a: Iron Treads|Iron Head|p2a: Grimmsnarl
|-supereffective|p2a: Grimmsnarl
|-damage|p2a: Grimmsnarl|65/100
|
|turn|16
|
|move|p2a: Grimmsnarl|Parting Shot|p1a: Iron Treads
|-unboost|p1a: Iron Treads|atk|1
|-unboost|p1a: Iron Treads|spa|1
|
|switch|p2a: Zapdos|Zapdos-Galar|100/100|[from] Parting Shot
|move|p1a: Iron Treads|Knock Off|p2a: Zapdos
|-resisted|p2a: Zapdos
|-damage|p2a: Zapdos|96/100
|-enditem|p2a: Zapdos|Heavy-Duty Boots|[from] move: Knock Off|[of] p1a: Iron Treads
|
|turn|17
|
|-end|p1a: Iron Treads|Quark Drive|[silent]
|switch|p1a: Landorus|Landorus-Therian, M|100/100
|-ability|p1a: Landorus|Intimidate|boost
|-unboost|p2a: Zapdos|atk|1
|-ability|p2a: Zapdos|Defiant|boost
|-boost|p2a: Zapdos|atk|2
|move|p2a: Zapdos|Agility|p2a: Zapdos
|-boost|p2a: Zapdos|spe|2
|
|turn|18
|
|move|p2a: Zapdos|Bulk Up|p2a: Zapdos
|-boost|p2a: Zapdos|atk|1
|-boost|p2a: Zapdos|def|1
|move|p1a: Landorus|Stone Edge|p2a: Zapdos|[miss]
|-miss|p1a: Landorus|p2a: Zapdos
|
|turn|19
|
|switch|p1a: Uxie|Uxie|57/100 psn
|move|p2a: Zapdos|Bulk Up|p2a: Zapdos
|-boost|p2a: Zapdos|atk|1
|-boost|p2a: Zapdos|def|1
|
|-damage|p1a: Uxie|45/100 psn|[from] psn
|turn|20
|
|move|p2a: Zapdos|Brave Bird|p1a: Uxie
|-damage|p1a: Uxie|0 fnt
|faint|p1a: Uxie
|-damage|p2a: Zapdos|83/100|[from] Recoil
|
|
|switch|p1a: Dragapult|Dragapult, M|100/100
|turn|21
|
|move|p2a: Zapdos|Brave Bird|p1a: Dragapult
|-damage|p1a: Dragapult|0 fnt
|faint|p1a: Dragapult
|-damage|p2a: Zapdos|50/100|[from] Recoil
|
|-message|p1 forfeited.
|
|win|p2
