# advantage = p1
|poke|p1|Cresselia, F|
|poke|p1|Breloom, M|
|poke|p1|Gholdengo|
|poke|p1|Landorus-Therian, M|
|poke|p1|Zamazenta-*|
|poke|p1|Toxapex, M|
|poke|p2|Garganacl, M|
|poke|p2|Glimmora, F|
|poke|p2|Bellibolt, F|
|poke|p2|Pawmot, F|
|poke|p2|Cinderace, F|
|poke|p2|Dragonite, M|
|teampreview
|
|start
|switch|p1a: Landorus|Landorus-Therian, M|100/100
|switch|p2a: Cinderace|Cinderace, F|100/100
|-ability|p1a: Landorus|Intimidate|boost
|-unboost|p2a: Cinderace|atk|1
|turn|1
|
|switch|p2a: Dragonite|Dragonite, M|100/100
|move|p1a: Landorus|Earthquake|p2a: Dragonite
|-immune|p2a: Dragonite
|
|turn|2
|
|move|p1a: Landorus|Rock Slide|p2a: Dragonite
|-supereffective|p2a: Dragonite
|-damage|p2a: Dragonite|50/100
|move|p2a: Dragonite|Dragon Dance|p2a: Dragonite
|-boost|p2a: Dragonite|atk|1
|-boost|p2a: Dragonite|spe|1
|
|-heal|p2a: Dragonite|56/100|[from] item: Leftovers
|turn|3
|
|-terastallize|p2a: Dragonite|Normal
|move|p1a: Landorus|Rock Slide|p2a: Dragonite
|-damage|p2a: Dragonite|28/100
|move|p2a: Dragonite|Dragon Dance|p2a: Dragonite
|-boost|p2a: Dragonite|atk|1
|-boost|p2a: Dragonite|spe|1
|
|-heal|p2a: Dragonite|34/100|[from] item: Leftovers
|turn|4
|
|switch|p1a: Gholdengo|Gholdengo|100/100
|move|p2a: Dragonite|Extreme Speed|p1a: Gholdengo
|-immune|p1a: Gholdengo
|
|-heal|p2a: Dragonite|40/100|[from] item: Leftovers
|turn|5
|
|move|p2a: Dragonite|Earthquake|p1a: Gholdengo
|-supereffective|p1a: Gholdengo
|-damage|p1a: Gholdengo|0 fnt
|faint|p1a: Gholdengo
|
|-heal|p2a: Dragonite|47/100|[from] item: Leftovers
|
|switch|p1a: Breloom|Breloom, M|100/100
|turn|6
|
|move|p2a: Dragonite|Extreme Speed|p1a: Breloom
|-damage|p1a: Breloom|0 fnt
|faint|p1a: Breloom
|
|-heal|p2a: Dragonite|53/100|[from] item: Leftovers
|
|switch|p1a: Zamazenta|Zamazenta-Crowned|100/100
|-ability|p1a: Zamazenta|Dauntless Shield|boost
|-boost|p1a: Zamazenta|def|1
|turn|7
|
|move|p2a: Dragonite|Earthquake|p1a: Zamazenta
|-supereffective|p1a: Zamazenta
|-damage|p1a: Zamazenta|15/100
|move|p1a: Zamazenta|Iron Defense|p1a: Zamazenta
|-boost|p1a: Zamazenta|def|2
|
|-heal|p2a: Dragonite|59/100|[from] item: Leftovers
|turn|8
|
|move|p2a: Dragonite|Fire Punch|p1a: Zamazenta
|-supereffective|p1a: Zamazenta
|-damage|p1a: Zamazenta|0 fnt
|faint|p1a: Zamazenta
|
|-heal|p2a: Dragonite|65/100|[from] item: Leftovers
|
|switch|p1a: Toxapex|Toxapex, M|100/100
|turn|9
|
|move|p2a: Dragonite|Earthquake|p1a: Toxapex
|-supereffective|p1a: Toxapex
|-damage|p1a: Toxapex|0 fnt
|faint|p1a: Toxapex
|
|-heal|p2a: Dragonite|71/100|[from] item: Leftovers
|
|switch|p1a: Landorus|Landorus-Therian, M|100/100
|-ability|p1a: Landorus|Intimidate|boost
|-fail|p2a: Dragonite|unboost|Attack|[from] ability: Inner Focus|[of] p2a: Dragonite
|turn|10
|
|move|p2a: Dragonite|Extreme Speed|p1a: Landorus
|-damage|p1a: Landorus|0 fnt
|faint|p1a: Landorus
|
|-heal|p2a: Dragonite|78/100|[from] item: Leftovers
|
|switch|p1a: Cresselia|Cresselia, F, shiny|100/100
|turn|11
|
|move|p2a: Dragonite|Extreme Speed|p1a: Cresselia
|-damage|p1a: Cresselia|39/100
|move|p1a: Cresselia|Calm Mind|p1a: Cresselia
|-boost|p1a: Cresselia|spa|1
|-boost|p1a: Cresselia|spd|1
|
|-heal|p2a: Dragonite|84/100|[from] item: Leftovers
|-heal|p1a: Cresselia|45/100|[from] item: Leftovers
|turn|12
|
|move|p2a: Dragonite|Extreme Speed|p1a: Cresselia
|-damage|p1a: Cresselia|0 fnt
|faint|p1a: Cresselia
|
|win|p2
