# advantage = p2
|poke|p1|Torkoal, M|
|poke|p1|Great Tusk|
|poke|p1|Walking Wake|
|poke|p1|Dondozo, F|
|poke|p1|Enamorus, F|
|poke|p1|Goodra-Hisui, M|
|poke|p2|Zoroark-Hisui, F|
|poke|p2|Gholdengo|
|poke|p2|Grimmsnarl, M|
|poke|p2|Zapdos-Galar|
|poke|p2|Hatterene, F|
|poke|p2|Rotom-Wash|
|teampreview
|
|start
|switch|p1a: Great Tusk|Great Tusk|100/100
|switch|p2a: Rotom|Rotom-Wash|100/100
|turn|1
|
|move|p2a: Rotom|Substitute|p2a: Rotom
|-start|p2a: Rotom|Substitute
|-damage|p2a: Rotom|75/100
|move|p1a: Great Tusk|Close Combat|p2a: Rotom
|-immune|p2a: Rotom
|
|turn|2
|
|move|p2a: Rotom|Nasty Plot|p2a: Rotom
|-boost|p2a: Rotom|spa|2
|move|p1a: Great Tusk|Headlong Rush|p2a: Rotom
|-end|p2a: Rotom|Substitute
|-unboost|p1a: Great Tusk|def|1
|-unboost|p1a: Great Tusk|spd|1
|-damage|p1a: Great Tusk|91/100|[from] item: Life Orb
|
|turn|3
|
|move|p2a: Rotom|Flamethrower|p1a: Great Tusk
|-damage|p1a: Great Tusk|0 fnt
|faint|p1a: Great Tusk
|-end|p1a: Great Tusk|Protosynthesis|[silent]
|
|
|switch|p1a: Enamorus|Enamorus, F|100/100
|turn|4
|
|move|p2a: Rotom|Bitter Malice|p1a: Enamorus
|-damage|p1a: Enamorus|0 fnt
|faint|p1a: Enamorus
|
|
|switch|p1a: Torkoal|Torkoal, M|100/100
|-weather|SunnyDay|[from] ability: Drought|[of] p1a: Torkoal
|turn|5
|
|move|p2a: Rotom|Bitter Malice|p1a: Torkoal
|-damage|p1a: Torkoal|36/100
|-unboost|p1a: Torkoal|atk|1
|move|p1a: Torkoal|Stealth Rock|p2a: Rotom
|-sidestart|p2: p2|move: Stealth Rock
|
|-weather|SunnyDay|[upkeep]
|turn|6
|
|move|p2a: Rotom|Bitter Malice|p1a: Torkoal
|-crit|p1a: Torkoal
|-damage|p1a: Torkoal|0 fnt
|faint|p1a: Torkoal
|
|-weather|SunnyDay|[upkeep]
|
|switch|p1a: Walking Wake|Walking Wake|100/100
|-activate|p1a: Walking Wake|ability: Protosynthesis
|-start|p1a: Walking Wake|protosynthesisspe
|turn|7
|
|move|p1a: Walking Wake|Hydro Steam|p2a: Rotom
|-damage|p2a: Rotom|0 fnt
|replace|p2a: lean?|Zoroark-Hisui, F, shiny
|-end|p2a: lean?|Illusion
|faint|p2a: lean?
|
|-weather|SunnyDay|[upkeep]
|
|switch|p2a: Frank Horrigan|Grimmsnarl, M|100/100
|-damage|p2a: Frank Horrigan|88/100|[from] Stealth Rock
|turn|8
|
|-end|p1a: Walking Wake|Protosynthesis|[silent]
|switch|p1a: Dondozo|Dondozo, F|100/100
|move|p2a: Frank Horrigan|Light Screen|p2a: Frank Horrigan
|-sidestart|p2: p2|move: Light Screen
|
|-weather|SunnyDay|[upkeep]
|turn|9
|
|move|p2a: Frank Horrigan|Reflect|p2a: Frank Horrigan
|-sidestart|p2: p2|Reflect
|move|p1a: Dondozo|Wave Crash|p2a: Frank Horrigan
|-damage|p2a: Frank Horrigan|76/100
|-damage|p1a: Dondozo|97/100|[from] Recoil
|
|-weather|SunnyDay|[upkeep]
|turn|10
|
|switch|p1a: Walking Wake|Walking Wake|100/100
|-activate|p1a: Walking Wake|ability: Protosynthesis
|-start|p1a: Walking Wake|protosynthesisspe
|move|p2a: Frank Horrigan|Spirit Break|p1a: Walking Wake
|-supereffective|p1a: Walking Wake
|-damage|p1a: Walking Wake|29/100
|-unboost|p1a: Walking Wake|spa|1
|
|-weather|SunnyDay|[upkeep]
|turn|11
|
|move|p2a: Frank Horrigan|Parting Shot|p1a: Walking Wake
|-unboost|p1a: Walking Wake|atk|1
|-unboost|p1a: Walking Wake|spa|1
|
|switch|p2a: Gholdengo|Gholdengo|100/100|[from] Parting Shot
|-damage|p2a: Gholdengo|94/100|[from] Stealth Rock
|-item|p2a: Gholdengo|Air Balloon
|move|p1a: Walking Wake|Hydro Steam|p2a: Gholdengo
|-damage|p2a: Gholdengo|68/100
|-enditem|p2a: Gholdengo|Air Balloon
|
|-weather|SunnyDay|[upkeep]
|turn|12
|-message|p1 forfeited.
|
|win|p2
