# advantage = p2
|poke|p1|Arcanine-Hisui, F|
|poke|p1|Corviknight, F|
|poke|p1|Clodsire, F|
|poke|p1|Iron Treads|
|poke|p1|Braviary-Hisui, M|
|poke|p1|Lilligant-Hisui, F|
|poke|p2|Torkoal, M|
|poke|p2|Great Tusk|
|poke|p2|Walking Wake|
|poke|p2|Dondozo, M|
|poke|p2|Enamorus, F|
|poke|p2|Goodra-Hisui, M|
|teampreview
|
|start
|switch|p1a: Corviknight|Corviknight, F|100/100
|switch|p2a: Great Tusk|Great Tusk|100/100
|turn|1
|
|-end|p2a: Great Tusk|Protosynthesis|[silent]
|switch|p2a: Torkoal|Torkoal, M|100/100
|-weather|SunnyDay|[from] ability: Drought|[of] p2a: Torkoal
|move|p1a: Corviknight|U-turn|p2a: Torkoal
|-resisted|p2a: Torkoal
|-damage|p2a: Torkoal|95/100
|
|switch|p1a: Arcanine|Arcanine-Hisui, F|100/100|[from] U-turn
|
|-weather|SunnyDay|[upkeep]
|turn|2
|
|move|p1a: Arcanine|Head Smash|p2a: Torkoal
|-supereffective|p2a: Torkoal
|-damage|p2a: Torkoal|0 fnt
|faint|p2a: Torkoal
|-damage|p1a: Arcanine|91/100|[from] item: Life Orb
|
|-weather|SunnyDay|[upkeep]
|
|switch|p2a: Walking Wake|Walking Wake|100/100
|-activate|p2a: Walking Wake|ability: Protosynthesis
|-start|p2a: Walking Wake|protosynthesisspe
|turn|3
|
|switch|p1a: Clodsire|Clodsire, F|100/100
|move|p2a: Walking Wake|Hydro Steam|p1a: Clodsire
|-immune|p1a: Clodsire|[from] ability: Water Absorb
|
|-weather|SunnyDay|[upkeep]
|turn|4
|
|-end|p2a: Walking Wake|Protosynthesis|[silent]
|switch|p2a: Goodra|Goodra-Hisui, M|100/100
|move|p1a: Clodsire|Recover||[still]
|-fail|p1a: Clodsire|heal
|
|-weather|SunnyDay|[upkeep]
|turn|5
|
|move|p2a: Goodra|Ice Spinner|p1a: Clodsire
|-supereffective|p1a: Clodsire
|-damage|p1a: Clodsire|56/100
|move|p1a: Clodsire|Earthquake|p2a: Goodra
|-supereffective|p2a: Goodra
|-damage|p2a: Goodra|48/100
|
|-weather|SunnyDay|[upkeep]
|-heal|p2a: Goodra|54/100|[from] item: Leftovers
|-heal|p1a: Clodsire|62/100|[from] item: Leftovers
|turn|6
|
|move|p2a: Goodra|Ice Spinner|p1a: Clodsire
|-supereffective|p1a: Clodsire
|-damage|p1a: Clodsire|18/100
|move|p1a: Clodsire|Recover|p1a: Clodsire
|-heal|p1a: Clodsire|68/100
|
|-weather|SunnyDay|[upkeep]
|-heal|p2a: Goodra|60/100|[from] item: Leftovers
|-heal|p1a: Clodsire|74/100|[from] item: Leftovers
|turn|7
|
|move|p2a: Goodra|Ice Spinner|p1a: Clodsire
|-supereffective|p1a: Clodsire
|-damage|p1a: Clodsire|29/100
|move|p1a: Clodsire|Earthquake|p2a: Goodra
|-supereffective|p2a: Goodra
|-damage|p2a: Goodra|8/100
|
|-weather|SunnyDay|[upkeep]
|-heal|p2a: Goodra|15/100|[from] item: Leftovers
|-heal|p1a: Clodsire|36/100|[from] item: Leftovers
|turn|8
|
|switch|p1a: Corviknight|Corviknight, F|100/100
|move|p2a: Goodra|Ice Spinner|p1a: Corviknight
|-damage|p1a: Corviknight|88/100
|
|-weather|none
|-heal|p2a: Goodra|21/100|[from] item: Leftovers
|turn|9
|
|switch|p2a: Dondozo|Dondozo, M|100/100
|move|p1a: Corviknight|U-turn|p2a: Dondozo
|-damage|p2a: Dondozo|94/100
|-damage|p1a: Corviknight|72/100|[from] item: Rocky Helmet|[of] p2a: Dondozo
|
|switch|p1a: Clodsire|Clodsire, F|36/100|[from] U-turn
|
|-heal|p1a: Clodsire|42/100|[from] item: Leftovers
|turn|10
|
|switch|p2a: Enamorus|Enamorus, F|100/100
|move|p1a: Clodsire|Toxic|p2a: Enamorus
|-status|p2a: Enamorus|tox
|
|-heal|p1a: Clodsire|48/100|[from] item: Leftovers
|-damage|p2a: Enamorus|94/100 tox|[from] psn
|turn|11
|
|move|p2a: Enamorus|Springtide Storm|p1a: Clodsire
|-resisted|p1a: Clodsire
|-damage|p1a: Clodsire|37/100
|-unboost|p1a: Clodsire|atk|1
|move|p1a: Clodsire|Recover|p1a: Clodsire
|-heal|p1a: Clodsire|87/100
|
|-heal|p2a: Enamorus|100/100 tox|[from] item: Leftovers
|-heal|p1a: Clodsire|93/100|[from] item: Leftovers
|-damage|p2a: Enamorus|88/100 tox|[from] psn
|turn|12
|
|move|p2a: Enamorus|Outrage|p1a: Clodsire
|-damage|p1a: Clodsire|47/100
|move|p1a: Clodsire|Poison Jab|p2a: Enamorus
|-supereffective|p2a: Enamorus
|-damage|p2a: Enamorus|30/100 tox
|
|-heal|p2a: Enamorus|36/100 tox|[from] item: Leftovers
|-heal|p1a: Clodsire|54/100|[from] item: Leftovers
|-damage|p2a: Enamorus|17/100 tox|[from] psn
|turn|13
|-message|p2 forfeited.
|
|win|p1
