# advantage = p2
|poke|p1|Garganacl, M|
|poke|p1|Umbreon, M|
|poke|p1|Maushold-Four|
|poke|p1|Rotom-Wash|
|poke|p1|Goodra, M|
|poke|p1|Skeledirge, M|
|poke|p2|Zapdos|
|poke|p2|Zoroark-Hisui, F|
|poke|p2|Great Tusk|
|poke|p2|Ursaluna, F|
|poke|p2|Urshifu-*, M|
|poke|p2|Cinderace, F|
|teampreview
|
|start
|switch|p1a: Maushold|Maushold-Four|100/100
|switch|p2a: Purple Guy|Great Tusk|100/100
|turn|1
|
|move|p1a: Maushold|Population Bomb|p2a: Purple Guy
|-damage|p2a: Purple Guy|95/100
|-damage|p1a: Maushold|84/100|[from] item: Rocky Helmet|[of] p2a: Purple Guy
|-damage|p2a: Purple Guy|89/100
|-damage|p1a: Maushold|68/100|[from] item: Rocky Helmet|[of] p2a: Purple Guy
|-damage|p2a: Purple Guy|82/100
|-damage|p1a: Maushold|51/100|[from] item: Rocky Helmet|[of] p2a: Purple Guy
|-damage|p2a: Purple Guy|77/100
|-damage|p1a: Maushold|35/100|[from] item: Rocky Helmet|[of] p2a: Purple Guy
|-damage|p2a: Purple Guy|71/100
|-damage|p1a: Maushold|18/100|[from] item: Rocky Helmet|[of] p2a: Purple Guy
|-damage|p2a: Purple Guy|65/100
|-damage|p1a: Maushold|2/100|[from] item: Rocky Helmet|[of] p2a: Purple Guy
|-damage|p2a: Purple Guy|59/100
|-damage|p1a: Maushold|0 fnt|[from] item: Rocky Helmet|[of] p2a: Purple Guy
|faint|p1a: Maushold
|-hitcount|p2a: Purple Guy|7
|move|p2a: Purple Guy|Rapid Spin|p1: Maushold|[notarget]
|-fail|p2a: Purple Guy
|
|
|switch|p1a: Rotom|Rotom-Wash|100/100
|turn|2
|
|-end|p2a: Purple Guy|Protosynthesis|[silent]
|switch|p2a: Chica|Zapdos|100/100
|move|p1a: Rotom|Light Screen|p1a: Rotom
|-sidestart|p1: p1|move: Light Screen
|
|turn|3
|
|move|p1a: Rotom|Will-O-Wisp|p2a: Chica
|-status|p2a: Chica|brn
|move|p2a: Chica|Volt Switch|p1a: Rotom
|-damage|p1a: Rotom|78/100
|
|switch|p2a: IT'S ME|Ursaluna, F|100/100|[from] Volt Switch
|
|-status|p2a: IT'S ME|brn|[from] item: Flame Orb
|turn|4
|
|-terastallize|p2a: IT'S ME|Ghost
|move|p1a: Rotom|Hydro Pump|p2a: IT'S ME
|-damage|p2a: IT'S ME|53/100 brn
|move|p2a: IT'S ME|Facade|p1a: Rotom
|-damage|p1a: Rotom|0 fnt
|faint|p1a: Rotom
|
|-damage|p2a: IT'S ME|47/100 brn|[from] brn
|
|switch|p1a: Skeledirge|Skeledirge, M|100/100
|turn|5
|
|switch|p2a: Bonnie|Cinderace, F|100/100
|move|p1a: Skeledirge|Shadow Ball|p2a: Bonnie
|-immune|p2a: Bonnie
|
|turn|6
|
|switch|p2a: Freddy|Urshifu-Rapid-Strike, M|100/100
|move|p1a: Skeledirge|Torch Song|p2a: Freddy
|-resisted|p2a: Freddy
|-damage|p2a: Freddy|76/100
|-boost|p1a: Skeledirge|spa|1
|
|-sideend|p1: p1|move: Light Screen
|turn|7
|
|move|p2a: Freddy|Taunt|p1a: Skeledirge
|-start|p1a: Skeledirge|move: Taunt
|move|p1a: Skeledirge|Torch Song|p2a: Freddy
|-resisted|p2a: Freddy
|-damage|p2a: Freddy|35/100
|-boost|p1a: Skeledirge|spa|1
|
|turn|8
|
|move|p2a: Freddy|Surging Strikes|p1a: Skeledirge
|-supereffective|p1a: Skeledirge
|-crit|p1a: Skeledirge
|-damage|p1a: Skeledirge|64/100
|-supereffective|p1a: Skeledirge
|-crit|p1a: Skeledirge
|-damage|p1a: Skeledirge|26/100
|-supereffective|p1a: Skeledirge
|-crit|p1a: Skeledirge
|-damage|p1a: Skeledirge|0 fnt
|faint|p1a: Skeledirge
|-hitcount|p1: Skeledirge|3
|
|
|switch|p1a: Umbreon|Umbreon, M|100/100
|turn|9
|
|move|p2a: Freddy|Close Combat|p1a: Umbreon
|-supereffective|p1a: Umbreon
|-damage|p1a: Umbreon|3/100
|-unboost|p2a: Freddy|def|1
|-unboost|p2a: Freddy|spd|1
|move|p1a: Umbreon|Thunder Wave|p2a: Freddy
|-status|p2a: Freddy|par
|
|-status|p1a: Umbreon|brn|[from] item: Flame Orb
|turn|10
|
|move|p1a: Umbreon|Facade|p2a: Freddy
|-damage|p2a: Freddy|1/100 par
|move|p2a: Freddy|Close Combat|p1a: Umbreon
|-supereffective|p1a: Umbreon
|-damage|p1a: Umbreon|0 fnt
|-unboost|p2a: Freddy|def|1
|-unboost|p2a: Freddy|spd|1
|faint|p1a: Umbreon
|
|
|switch|p1a: Goodra|Goodra, M|100/100
|turn|11
|
|move|p1a: Goodra|Acid Armor|p1a: Goodra
|-boost|p1a: Goodra|def|2
|move|p2a: Freddy|Close Combat|p1a: Goodra
|-damage|p1a: Goodra|60/100
|-unboost|p2a: Freddy|def|1
|-unboost|p2a: Freddy|spd|1
|
|-heal|p1a: Goodra|66/100|[from] item: Leftovers
|turn|12
|
|move|p1a: Goodra|Acid Armor|p1a: Goodra
|-boost|p1a: Goodra|def|2
|move|p2a: Freddy|Taunt|p1a: Goodra
|-start|p1a: Goodra|move: Taunt
|
|-heal|p1a: Goodra|72/100|[from] item: Leftovers
|turn|13
|
|move|p1a: Goodra|Dragon Pulse|p2a: Freddy
|-crit|p2a: Freddy
|-damage|p2a: Freddy|0 fnt
|faint|p2a: Freddy
|
|-heal|p1a: Goodra|79/100|[from] item: Leftovers
|
|switch|p2a: Purple Guy|Great Tusk|59/100
|turn|14
|
|move|p1a: Goodra|Surf|p2a: Purple Guy
|-supereffective|p2a: Purple Guy
|-damage|p2a: Purple Guy|0 fnt
|faint|p2a: Purple Guy
|-end|p2a: Purple Guy|Protosynthesis|[silent]
|
|-heal|p1a: Goodra|85/100|[from] item: Leftovers
|
|switch|p2a: Bonnie|Cinderace, F|100/100
|turn|15
|
|move|p2a: Bonnie|Shadow Ball|p1a: Goodra
|-damage|p1a: Goodra|41/100
|move|p1a: Goodra|Surf|p2a: Bonnie
|-damage|p2a: Bonnie|46/100
|replace|p2a: Foxy|Zoroark-Hisui, F
|-end|p2a: Foxy|Illusion
|
|-heal|p1a: Goodra|47/100|[from] item: Leftovers
|-end|p1a: Goodra|move: Taunt
|turn|16
|
|move|p2a: Foxy|Shadow Ball|p1a: Goodra
|-damage|p1a: Goodra|1/100
|move|p1a: Goodra|Surf|p2a: Foxy
|-damage|p2a: Foxy|0 fnt
|faint|p2a: Foxy
|
|-heal|p1a: Goodra|7/100|[from] item: Leftovers
|
|switch|p2a: Bonnie|Cinderace, F|100/100
|turn|17
|
|move|p2a: Bonnie|U-turn|p1a: Goodra
|-start|p2a: Bonnie|typechange|Bug|[from] ability: Libero
|-damage|p1a: Goodra|0 fnt
|faint|p1a: Goodra
|
|switch|p2a: IT'S ME|Ursaluna, F, tera:Ghost|47/100 brn|[from] U-turn
|
|-damage|p2a: IT'S ME|41/100 brn|[from] brn
|
|switch|p1a: Garganacl|Garganacl, M|100/100
|turn|18
|
|move|p2a: IT'S ME|Earthquake|p1a: Garganacl
|-supereffective|p1a: Garganacl
|-damage|p1a: Garganacl|0 fnt
|faint|p1a: Garganacl
|
|win|p2
