# advantage = p2
|poke|p1|Hatterene, F|
|poke|p1|Enamorus-Therian, F|
|poke|p1|Glastrier|
|poke|p1|Ursaluna, F|
|poke|p1|Dragonite, M|
|poke|p1|Dragapult, M|
|poke|p2|Arcanine-Hisui, F|
|poke|p2|Urshifu-*, M|
|poke|p2|Kingambit, M|
|poke|p2|Great Tusk|
|poke|p2|Garchomp, F|
|poke|p2|Zapdos|
|teampreview
|
|start
|switch|p1a: Hatterene|Hatterene, F, shiny|100/100
|switch|p2a: Kingambit|Kingambit, M|100/100
|turn|1
|
|move|p2a: Kingambit|Iron Head|p1a: Hatterene
|-supereffective|p1a: Hatterene
|-damage|p1a: Hatterene|0 fnt
|faint|p1a: Hatterene
|
|
|switch|p1a: Ursaluna|Ursaluna, F, shiny|100/100
|turn|2
|
|-end|p2a: Kingambit|fallenundefined|[silent]
|switch|p2a: Urshifu|Urshifu-Rapid-Strike, M|100/100
|move|p1a: Ursaluna|Ice Punch|p2a: Urshifu
|-resisted|p2a: Urshifu
|-damage|p2a: Urshifu|84/100
|
|-status|p1a: Ursaluna|brn|[from] item: Flame Orb
|turn|3
|
|-terastallize|p1a: Ursaluna|Normal
|move|p2a: Urshifu|Surging Strikes|p1a: Ursaluna
|-crit|p1a: Ursaluna
|-damage|p1a: Ursaluna|86/100 brn
|-crit|p1a: Ursaluna
|-damage|p1a: Ursaluna|71/100 brn
|-crit|p1a: Ursaluna
|-damage|p1a: Ursaluna|55/100 brn
|-hitcount|p1a: Ursaluna|3
|move|p1a: Ursaluna|Facade|p2a: Urshifu
|-damage|p2a: Urshifu|0 fnt
|faint|p2a: Urshifu
|
|-damage|p1a: Ursaluna|49/100 brn|[from] brn
|
|switch|p2a: Arcanine|Arcanine-Hisui, F|100/100
|turn|4
|
|move|p2a: Arcanine|Flare Blitz|p1a: Ursaluna
|-damage|p1a: Ursaluna|0 fnt
|faint|p1a: Ursaluna
|
|
|switch|p1a: Dragonite|Dragonite, M|100/100
|turn|5
|
|switch|p2a: Zapdos|Zapdos|100/100
|move|p1a: Dragonite|Dragon Dance|p1a: Dragonite
|-boost|p1a: Dragonite|atk|1
|-boost|p1a: Dragonite|spe|1
|
|turn|6
|
|move|p1a: Dragonite|Dragon Dance|p1a: Dragonite
|-boost|p1a: Dragonite|atk|1
|-boost|p1a: Dragonite|spe|1
|move|p2a: Zapdos|Hurricane|p1a: Dragonite
|-damage|p1a: Dragonite|76/100
|
|turn|7
|
|move|p1a: Dragonite|Extreme Speed|p2a: Zapdos
|-damage|p2a: Zapdos|56/100
|-status|p1a: Dragonite|par|[from] ability: Static|[of] p2a: Zapdos
|move|p2a: Zapdos|Volt Switch|p1a: Dragonite
|-damage|p1a: Dragonite|43/100 par
|
|switch|p2a: Garchomp|Garchomp, F|100/100|[from] Volt Switch
|
|turn|8
|
|move|p2a: Garchomp|Draco Meteor|p1a: Dragonite
|-supereffective|p1a: Dragonite
|-damage|p1a: Dragonite|0 fnt
|-unboost|p2a: Garchomp|spa|2
|faint|p1a: Dragonite
|-damage|p2a: Garchomp|91/100|[from] item: Life Orb
|
|
|switch|p1a: Glastrier|Glastrier|100/100
|turn|9
|
|move|p2a: Garchomp|Fire Blast|p1a: Glastrier
|-supereffective|p1a: Glastrier
|-damage|p1a: Glastrier|71/100
|-damage|p2a: Garchomp|81/100|[from] item: Life Orb
|move|p1a: Glastrier|Substitute|p1a: Glastrier
|-start|p1a: Glastrier|Substitute
|-damage|p1a: Glastrier|47/100
|
|turn|10
|
|move|p2a: Garchomp|Fire Blast|p1a: Glastrier
|-supereffective|p1a: Glastrier
|-end|p1a: Glastrier|Substitute
|-damage|p2a: Garchomp|71/100|[from] item: Life Orb
|move|p1a: Glastrier|Icicle Crash|p2a: Garchomp
|-supereffective|p2a: Garchomp
|-damage|p2a: Garchomp|0 fnt
|faint|p2a: Garchomp
|-ability|p1a: Glastrier|Chilling Neigh|boost
|-boost|p1a: Glastrier|atk|1
|
|
|switch|p2a: Arcanine|Arcanine-Hisui, F|100/100
|turn|11
|
|move|p2a: Arcanine|Flare Blitz|p1a: Glastrier
|-supereffective|p1a: Glastrier
|-damage|p1a: Glastrier|0 fnt
|faint|p1a: Glastrier
|
|
|switch|p1a: Dragapult|Dragapult, M|100/100
|turn|12
|
|switch|p2a: Kingambit|Kingambit, M|100/100
|-activate|p2a: Kingambit|ability: Supreme Overlord
|-start|p2a: Kingambit|fallen2|[silent]
|move|p1a: Dragapult|Fire Blast|p2a: Kingambit
|-supereffective|p2a: Kingambit
|-damage|p2a: Kingambit|0 fnt
|faint|p2a: Kingambit
|-end|p2a: Kingambit|fallen2|[silent]
|
|
|switch|p2a: Arcanine|Arcanine-Hisui, F|100/100
|turn|13
|
|move|p1a: Dragapult|Fire Blast|p2a: Arcanine
|-resisted|p2a: Arcanine
|-damage|p2a: Arcanine|86/100
|move|p2a: Arcanine|Head Smash|p1a: Dragapult
|-crit|p1a: Dragapult
|-damage|p1a: Dragapult|0 fnt
|faint|p1a: Dragapult
|
|
|switch|p1a: Enamorus|Enamorus-Therian, F|100/100
|turn|14
|
|move|p2a: Arcanine|Head Smash|p1a: Enamorus|[miss]
|-miss|p2a: Arcanine|p1a: Enamorus
|move|p1a: Enamorus|Earth Power|p2a: Arcanine
|-supereffective|p2a: Arcanine
|-damage|p2a: Arcanine|0 fnt
|faint|p2a: Arcanine
|
|
|switch|p2a: Zapdos|Zapdos|56/100
|turn|15
|
|move|p2a: Zapdos|Volt Switch|p1a: Enamorus
|-supereffective|p1a: Enamorus
|-damage|p1a: Enamorus|49/100
|
|switch|p2a: Great Tusk|Great Tusk, shiny|100/100|[from] Volt Switch
|move|p1a: Enamorus|Calm Mind|p1a: Enamorus
|-boost|p1a: Enamorus|spa|1
|-boost|p1a: Enamorus|spd|1
|
|turn|16
|
|move|p2a: Great Tusk|Knock Off|p1a: Enamorus
|-resisted|p1a: Enamorus
|-damage|p1a: Enamorus|37/100
|-enditem|p1a: Enamorus|Heavy-Duty Boots|[from] move: Knock Off|[of] p2a: Great Tusk
|move|p1a: Enamorus|Draining Kiss|p2a: Great Tusk
|-supereffective|p2a: Great Tusk
|-damage|p2a: Great Tusk|0 fnt
|-heal|p1a: Enamorus|100/100|[from] drain|[of] p2a: Great Tusk
|faint|p2a: Great Tusk
|-end|p2a: Great Tusk|Protosynthesis|[silent]
|
|
|switch|p2a: Zapdos|Zapdos|56/100
|turn|17
|
|-terastallize|p2a: Zapdos|Fire
|move|p2a: Zapdos|Volt Switch|p1a: Enamorus
|-supereffective|p1a: Enamorus
|-damage|p1a: Enamorus|63/100
|move|p1a: Enamorus|Extrasensory|p2a: Zapdos
|-damage|p2a: Zapdos|7/100
|
|turn|18
|
|move|p2a: Zapdos|Volt Switch|p1a: Enamorus
|-supereffective|p1a: Enamorus
|-damage|p1a: Enamorus|24/100
|move|p1a: Enamorus|Extrasensory|p2a: Zapdos
|-damage|p2a: Zapdos|0 fnt
|faint|p2a: Zapdos
|
|win|p1
