# advantage = p1
|poke|p1|Sneasler, F|
|poke|p1|Zoroark-Hisui, M|
|poke|p1|Enamorus, F|
|poke|p1|Arcanine-Hisui, F|
|poke|p1|Baxcalibur, F|
|poke|p1|Samurott-Hisui, F|
|poke|p2|Glimmora, M|
|poke|p2|Samurott-Hisui, M|
|poke|p2|Gholdengo|
|poke|p2|Zapdos-Galar|
|poke|p2|Landorus-Therian, M|
|poke|p2|Magnezone|
|teampreview
|
|start
|switch|p1a: dog?|Baxcalibur, F|100/100
|switch|p2a: Landorus|Landorus-Therian, M|100/100
|-ability|p2a: Landorus|Intimidate|boost
|-unboost|p1a: dog?|atk|1
|turn|1
|
|move|p2a: Landorus|U-turn|p1a: dog?
|-damage|p1a: dog?|74/100
|
|switch|p2a: Magnezone|Magnezone|100/100|[from] U-turn
|move|p1a: dog?|Dragon Dance|p1a: dog?
|-boost|p1a: dog?|atk|1
|-boost|p1a: dog?|spe|1
|
|turn|2
|
|switch|p2a: Landorus|Landorus-Therian, M|100/100
|-ability|p2a: Landorus|Intimidate|boost
|-unboost|p1a: dog?|atk|1
|move|p1a: dog?|Earthquake|p2a: Landorus
|-immune|p2a: Landorus
|
|turn|3
|
|move|p2a: Landorus|Stone Edge|p1a: dog?
|-supereffective|p1a: dog?
|-damage|p1a: dog?|0 fnt
|faint|p1a: dog?
|
|
|switch|p1a: gomenasorry|Samurott-Hisui, F|100/100
|turn|4
|
|switch|p2a: Glimmora|Glimmora, M|100/100
|move|p1a: gomenasorry|Aqua Cutter|p2a: Glimmora
|-supereffective|p2a: Glimmora
|-enditem|p2a: Glimmora|Focus Sash
|-damage|p2a: Glimmora|1/100
|-activate|p2a: Glimmora|ability: Toxic Debris
|-sidestart|p1: p1|move: Toxic Spikes
|-damage|p1a: gomenasorry|91/100|[from] item: Life Orb
|
|turn|5
|
|move|p2a: Glimmora|Dazzling Gleam|p1a: gomenasorry
|-supereffective|p1a: gomenasorry
|-damage|p1a: gomenasorry|2/100
|move|p1a: gomenasorry|Ceaseless Edge|p2a: Glimmora
|-damage|p2a: Glimmora|0 fnt
|-sidestart|p2: p2|Spikes
|-activate|p2a: Glimmora|ability: Toxic Debris
|-sidestart|p1: p1|move: Toxic Spikes
|faint|p2a: Glimmora
|-damage|p1a: gomenasorry|0 fnt|[from] item: Life Orb
|faint|p1a: gomenasorry
|
|
|switch|p2a: Landorus|Landorus-Therian, M|100/100
|switch|p1a: salad fingers|Sneasler, F|100/100
|-ability|p2a: Landorus|Intimidate|boost
|-unboost|p1a: salad fingers|atk|1
|-enditem|p1a: salad fingers|White Herb
|-clearnegativeboost|p1a: salad fingers|[silent]
|-sideend|p1: p1|move: Toxic Spikes|[of] p1a: salad fingers
|turn|6
|
|-terastallize|p1a: salad fingers|Flying
|move|p1a: salad fingers|Swords Dance|p1a: salad fingers
|-boost|p1a: salad fingers|atk|2
|move|p2a: Landorus|Earthquake|p1a: salad fingers
|-immune|p1a: salad fingers
|
|turn|7
|
|switch|p2a: Samurott|Samurott-Hisui, M|100/100
|-damage|p2a: Samurott|88/100|[from] Spikes
|move|p1a: salad fingers|Acrobatics|p2a: Samurott
|-damage|p2a: Samurott|0 fnt
|faint|p2a: Samurott
|
|
|switch|p2a: Gholdengo|Gholdengo|100/100
|-item|p2a: Gholdengo|Air Balloon
|turn|8
|
|move|p1a: salad fingers|Acrobatics|p2a: Gholdengo
|-resisted|p2a: Gholdengo
|-damage|p2a: Gholdengo|49/100
|-enditem|p2a: Gholdengo|Air Balloon
|move|p2a: Gholdengo|Make It Rain|p1a: salad fingers
|-damage|p1a: salad fingers|24/100
|-unboost|p2a: Gholdengo|spa|1
|
|turn|9
|
|move|p1a: salad fingers|Acrobatics|p2a: Gholdengo
|-resisted|p2a: Gholdengo
|-damage|p2a: Gholdengo|0 fnt
|faint|p2a: Gholdengo
|
|
|switch|p2a: Landorus|Landorus-Therian, M|100/100
|-ability|p2a: Landorus|Intimidate|boost
|-unboost|p1a: salad fingers|atk|1
|turn|10
|
|move|p1a: salad fingers|Acrobatics|p2a: Landorus
|-damage|p2a: Landorus|6/100
|move|p2a: Landorus|Stone Edge|p1a: salad fingers|[miss]
|-miss|p2a: Landorus|p1a: salad fingers
|
|turn|11
|
|move|p1a: salad fingers|Acrobatics|p2a: Landorus
|-damage|p2a: Landorus|0 fnt
|faint|p2a: Landorus
|
|
|switch|p2a: Magnezone|Magnezone|100/100
|-damage|p2a: Magnezone|88/100|[from] Spikes
|turn|12
|
|-terastallize|p2a: Magnezone|Fire
|move|p1a: salad fingers|Close Combat|p2a: Magnezone
|-damage|p2a: Magnezone|0 fnt
|-unboost|p1a: salad fingers|def|1
|-unboost|p1a: salad fingers|spd|1
|faint|p2a: Magnezone
|
|
|switch|p2a: Zapdos|Zapdos-Galar|100/100
|turn|13
|
|move|p1a: salad fingers|Dire Claw|p2a: Zapdos
|-damage|p2a: Zapdos|25/100
|move|p2a: Zapdos|Brave Bird|p1a: salad fingers
|-damage|p1a: salad fingers|0 fnt
|faint|p1a: salad fingers
|-damage|p2a: Zapdos|17/100|[from] Recoil
|
|
|switch|p1a: meltdown|Arcanine-Hisui, F|100/100
|turn|14
|
|move|p1a: meltdown|Extreme Speed|p2a: Zapdos
|-damage|p2a: Zapdos|0 fnt
|faint|p2a: Zapdos
|-damage|p1a: meltdown|91/100|[from] item: Life Orb
|
|win|p1
|player|p2|p2|rosa
