# advantage = p2
|poke|p1|Electrode-Hisui|
|poke|p1|Tornadus-Therian, M|
|poke|p1|Enamorus, F|
|poke|p1|Arcanine-Hisui, M|
|poke|p1|Great Tusk|
|poke|p1|Toxapex, M|
|poke|p2|Pelipper, M|
|poke|p2|Basculegion, M|
|poke|p2|Electrode-Hisui|
|poke|p2|Iron Treads|
|poke|p2|Hatterene, F|
|poke|p2|Kingambit, F|
|teampreview
|
|start
|switch|p1a: Electrode|Electrode-Hisui|100/100
|switch|p2a: Iron Treads|Iron Treads|100/100
|turn|1
|
|move|p1a: Electrode|Substitute|p1a: Electrode
|-start|p1a: Electrode|Substitute
|-damage|p1a: Electrode|76/100
|move|p2a: Iron Treads|Stealth Rock|p1a: Electrode
|-sidestart|p1: p1|move: Stealth Rock
|
|-heal|p1a: Electrode|82/100|[from] item: Leftovers
|turn|2
|
|move|p1a: Electrode|Chloroblast|p2a: Iron Treads|[miss]
|-miss|p1a: Electrode|p2a: Iron Treads
|-damage|p1a: Electrode|32/100|[from] chloroblast
|move|p2a: Iron Treads|Knock Off|p1a: Electrode
|-end|p1a: Electrode|Substitute
|
|-heal|p1a: Electrode|38/100|[from] item: Leftovers
|turn|3
|
|switch|p1a: Great Tusk|Great Tusk|100/100
|-damage|p1a: Great Tusk|98/100|[from] Stealth Rock
|move|p2a: Iron Treads|Earthquake|p1a: Great Tusk
|-damage|p1a: Great Tusk|71/100
|
|-heal|p1a: Great Tusk|77/100|[from] item: Leftovers
|turn|4
|
|-end|p2a: Iron Treads|Quark Drive|[silent]
|switch|p2a: Hatterene|Hatterene, F|100/100
|move|p1a: Great Tusk|Knock Off|p2a: Hatterene
|-damage|p2a: Hatterene|73/100
|-enditem|p2a: Hatterene|Leftovers|[from] move: Knock Off|[of] p1a: Great Tusk
|
|-heal|p1a: Great Tusk|83/100|[from] item: Leftovers
|turn|5
|
|-end|p1a: Great Tusk|Protosynthesis|[silent]
|switch|p1a: Tornadus|Tornadus-Therian, M|100/100
|move|p2a: Hatterene|Calm Mind|p2a: Hatterene
|-boost|p2a: Hatterene|spa|1
|-boost|p2a: Hatterene|spd|1
|
|turn|6
|
|move|p1a: Tornadus|Nasty Plot|p1a: Tornadus
|-boost|p1a: Tornadus|spa|2
|move|p2a: Hatterene|Draining Kiss|p1a: Tornadus
|-damage|p1a: Tornadus|64/100
|-heal|p2a: Hatterene|100/100|[from] drain|[of] p1a: Tornadus
|
|turn|7
|
|move|p1a: Tornadus|Hurricane|p2a: Hatterene|[miss]
|-miss|p1a: Tornadus|p2a: Hatterene
|move|p2a: Hatterene|Draining Kiss|p1a: Tornadus
|-damage|p1a: Tornadus|28/100
|
|turn|8
|
|move|p1a: Tornadus|U-turn|p2a: Hatterene
|-damage|p2a: Hatterene|89/100
|
|switch|p1a: Arcanine|Arcanine-Hisui, M|100/100|[from] U-turn
|-damage|p1a: Arcanine|75/100|[from] Stealth Rock
|move|p2a: Hatterene|Draining Kiss|p1a: Arcanine
|-resisted|p1a: Arcanine
|-damage|p1a: Arcanine|57/100
|-heal|p2a: Hatterene|100/100|[from] drain|[of] p1a: Arcanine
|
|-heal|p1a: Arcanine|63/100|[from] item: Leftovers
|turn|9
|
|switch|p2a: Iron Treads|Iron Treads|100/100
|move|p1a: Arcanine|Head Smash|p2a: Iron Treads
|-resisted|p2a: Iron Treads
|-damage|p2a: Iron Treads|86/100
|
|-heal|p2a: Iron Treads|92/100|[from] item: Leftovers
|-heal|p1a: Arcanine|70/100|[from] item: Leftovers
|turn|10
|
|-terastallize|p1a: Arcanine|Bug
|move|p2a: Iron Treads|Rapid Spin|p1a: Arcanine
|-damage|p1a: Arcanine|55/100
|-boost|p2a: Iron Treads|spe|1
|move|p1a: Arcanine|Agility|p1a: Arcanine
|-boost|p1a: Arcanine|spe|2
|
|-heal|p2a: Iron Treads|98/100|[from] item: Leftovers
|-heal|p1a: Arcanine|61/100|[from] item: Leftovers
|turn|11
|
|move|p2a: Iron Treads|Knock Off|p1a: Arcanine
|-damage|p1a: Arcanine|36/100
|-enditem|p1a: Arcanine|Leftovers|[from] move: Knock Off|[of] p2a: Iron Treads
|move|p1a: Arcanine|Flare Blitz|p2a: Iron Treads
|-supereffective|p2a: Iron Treads
|-damage|p2a: Iron Treads|5/100
|
|-heal|p2a: Iron Treads|11/100|[from] item: Leftovers
|turn|12
|
|move|p2a: Iron Treads|Knock Off|p1a: Arcanine
|-damage|p1a: Arcanine|18/100
|move|p1a: Arcanine|Agility|p1a: Arcanine
|-boost|p1a: Arcanine|spe|2
|
|-heal|p2a: Iron Treads|17/100|[from] item: Leftovers
|turn|13
|
|move|p1a: Arcanine|Flare Blitz|p2a: Iron Treads
|-supereffective|p2a: Iron Treads
|-damage|p2a: Iron Treads|0 fnt
|faint|p2a: Iron Treads
|-end|p2a: Iron Treads|Quark Drive|[silent]
|
|
|switch|p2a: Kingambit|Kingambit, F|100/100
|-activate|p2a: Kingambit|ability: Supreme Overlord
|-start|p2a: Kingambit|fallen1|[silent]
|turn|14
|
|move|p2a: Kingambit|Sucker Punch||[still]
|-fail|p2a: Kingambit
|move|p1a: Arcanine|Stealth Rock|p2a: Kingambit
|-sidestart|p2: p2|move: Stealth Rock
|
|turn|15
|
|switch|p1a: Enamorus|Enamorus, F|100/100
|-damage|p1a: Enamorus|76/100|[from] Stealth Rock
|move|p2a: Kingambit|Sucker Punch||[still]
|-fail|p2a: Kingambit
|
|turn|16
|
|move|p1a: Enamorus|Superpower|p2a: Kingambit
|-supereffective|p2a: Kingambit
|-damage|p2a: Kingambit|0 fnt
|-boost|p1a: Enamorus|atk|1
|-boost|p1a: Enamorus|def|1
|faint|p2a: Kingambit
|-end|p2a: Kingambit|fallen1|[silent]
|
|
|switch|p2a: Electrode|Electrode-Hisui|100/100
|-damage|p2a: Electrode|88/100|[from] Stealth Rock
|turn|17
|
|move|p2a: Electrode|Chloroblast|p1a: Enamorus
|-resisted|p1a: Enamorus
|-damage|p1a: Enamorus|10/100
|-damage|p2a: Electrode|38/100|[from] chloroblast
|move|p1a: Enamorus|Superpower|p2a: Electrode
|-damage|p2a: Electrode|0 fnt
|-boost|p1a: Enamorus|atk|1
|-boost|p1a: Enamorus|def|1
|faint|p2a: Electrode
|
|
|switch|p2a: Pelipper|Pelipper, M|100/100
|-damage|p2a: Pelipper|76/100|[from] Stealth Rock
|-weather|RainDance|[from] ability: Drizzle|[of] p2a: Pelipper
|turn|18
|
|move|p1a: Enamorus|Superpower|p2a: Pelipper
|-resisted|p2a: Pelipper
|-damage|p2a: Pelipper|19/100
|-boost|p1a: Enamorus|atk|1
|-boost|p1a: Enamorus|def|1
|move|p2a: Pelipper|Surf|p1a: Enamorus
|-damage|p1a: Enamorus|0 fnt
|faint|p1a: Enamorus
|
|-weather|RainDance|[upkeep]
|
|switch|p1a: Great Tusk|Great Tusk|83/100
|-damage|p1a: Great Tusk|80/100|[from] Stealth Rock
|turn|19
|
|move|p1a: Great Tusk|Knock Off|p2a: Pelipper
|-damage|p2a: Pelipper|0 fnt
|-enditem|p2a: Pelipper|Damp Rock|[from] move: Knock Off|[of] p1a: Great Tusk
|faint|p2a: Pelipper
|
|-weather|RainDance|[upkeep]
|-heal|p1a: Great Tusk|86/100|[from] item: Leftovers
|
|switch|p2a: Basculegion|Basculegion, M|100/100
|-damage|p2a: Basculegion|88/100|[from] Stealth Rock
|turn|20
|
|-terastallize|p2a: Basculegion|Water
|move|p1a: Great Tusk|Protect|p1a: Great Tusk
|-singleturn|p1a: Great Tusk|Protect
|move|p2a: Basculegion|Wave Crash|p1a: Great Tusk
|-activate|p1a: Great Tusk|move: Protect
|
|-weather|RainDance|[upkeep]
|-heal|p1a: Great Tusk|92/100|[from] item: Leftovers
|turn|21
|
|-end|p1a: Great Tusk|Protosynthesis|[silent]
|switch|p1a: Toxapex|Toxapex, M|100/100
|-damage|p1a: Toxapex|88/100|[from] Stealth Rock
|move|p2a: Basculegion|Wave Crash|p1a: Toxapex
|-resisted|p1a: Toxapex
|-damage|p1a: Toxapex|14/100
|-damage|p2a: Basculegion|69/100|[from] Recoil
|
|-weather|RainDance|[upkeep]
|turn|22
|
|switch|p1a: Tornadus|Tornadus-Therian, M|61/100
|move|p2a: Basculegion|Wave Crash|p1a: Tornadus
|-damage|p1a: Tornadus|0 fnt
|faint|p1a: Tornadus
|-damage|p2a: Basculegion|50/100|[from] Recoil
|
|-weather|RainDance|[upkeep]
|
|switch|p1a: Great Tusk|Great Tusk|92/100
|-damage|p1a: Great Tusk|89/100|[from] Stealth Rock
|turn|23
|
|move|p1a: Great Tusk|Protect|p1a: Great Tusk
|-singleturn|p1a: Great Tusk|Protect
|move|p2a: Basculegion|Wave Crash|p1a: Great Tusk
|-activate|p1a: Great Tusk|move: Protect
|
|-weather|RainDance|[upkeep]
|-heal|p1a: Great Tusk|96/100|[from] item: Leftovers
|turn|24
|
|move|p2a: Basculegion|Wave Crash|p1a: Great Tusk
|-supereffective|p1a: Great Tusk
|-damage|p1a: Great Tusk|0 fnt
|faint|p1a: Great Tusk
|-end|p1a: Great Tusk|Protosynthesis|[silent]
|-damage|p2a: Basculegion|19/100|[from] Recoil
|
|-weather|RainDance|[upkeep]
|
|switch|p1a: Electrode|Electrode-Hisui|38/100
|-damage|p1a: Electrode|25/100|[from] Stealth Rock
|turn|25
|
|switch|p1a: Toxapex|Toxapex, M|47/100
|-damage|p1a: Toxapex|35/100|[from] Stealth Rock
|move|p2a: Basculegion|Wave Crash|p1a: Toxapex
|-resisted|p1a: Toxapex
|-damage|p1a: Toxapex|0 fnt
|faint|p1a: Toxapex
|-damage|p2a: Basculegion|10/100|[from] Recoil
|
|-weather|none
|
|switch|p1a: Electrode|Electrode-Hisui|25/100
|-damage|p1a: Electrode|13/100|[from] Stealth Rock
|turn|26
|
|move|p1a: Electrode|Volt Switch|p2a: Basculegion
|-supereffective|p2a: Basculegion
|-damage|p2a: Basculegion|0 fnt
|faint|p2a: Basculegion
|
|switch|p1a: Arcanine|Arcanine-Hisui, M, tera:Bug|18/100|[from] Volt Switch
|-damage|p1a: Arcanine|0 fnt|[from] Stealth Rock
|faint|p1a: Arcanine
|
|
|switch|p2a: Hatterene|Hatterene, F|100/100
|switch|p1a: Electrode|Electrode-Hisui|13/100
|-damage|p1a: Electrode|1/100|[from] Stealth Rock
|-damage|p2a: Hatterene|88/100|[from] Stealth Rock
|turn|27
|-message|p1 forfeited.
|
|win|p2
