# advantage = p1
|poke|p1|Muk-Alola, M|
|poke|p1|Zamazenta-*|
|poke|p1|Dragapult, M|
|poke|p1|Baxcalibur, F|
|poke|p1|Iron Treads|
|poke|p1|Zapdos|
|poke|p2|Iron Moth|
|poke|p2|Great Tusk|
|poke|p2|Kingambit, M|
|poke|p2|Gholdengo|
|poke|p2|Meowscarada, M|
|poke|p2|Dragapult, M|
|teampreview
|
|start
|switch|p1a: Iron Treads|Iron Treads|100/100
|switch|p2a: Great Tusk|Great Tusk|100/100
|turn|1
|
|-end|p1a: Iron Treads|Quark Drive|[silent]
|switch|p1a: Zapdos|Zapdos|100/100
|move|p2a: Great Tusk|Stealth Rock|p1a: Zapdos
|-sidestart|p1: p1|move: Stealth Rock
|
|turn|2
|
|move|p1a: Zapdos|Hurricane|p2a: Great Tusk
|-supereffective|p2a: Great Tusk
|-damage|p2a: Great Tusk|0 fnt
|faint|p2a: Great Tusk
|-end|p2a: Great Tusk|Protosynthesis|[silent]
|
|
|switch|p2a: Meowscarada|Meowscarada, M|100/100
|turn|3
|
|move|p2a: Meowscarada|Spikes|p1a: Zapdos
|-sidestart|p1: p1|Spikes
|move|p1a: Zapdos|Roost||[still]
|-fail|p1a: Zapdos|heal
|
|turn|4
|
|move|p2a: Meowscarada|Spikes|p1a: Zapdos
|-sidestart|p1: p1|Spikes
|move|p1a: Zapdos|Hurricane|p2a: Meowscarada
|-supereffective|p2a: Meowscarada
|-enditem|p2a: Meowscarada|Focus Sash
|-damage|p2a: Meowscarada|1/100
|
|turn|5
|
|move|p2a: Meowscarada|Knock Off|p1a: Zapdos
|-damage|p1a: Zapdos|61/100
|-enditem|p1a: Zapdos|Leftovers|[from] move: Knock Off|[of] p2a: Meowscarada
|move|p1a: Zapdos|Volt Switch|p2a: Meowscarada
|-resisted|p2a: Meowscarada
|-damage|p2a: Meowscarada|0 fnt
|faint|p2a: Meowscarada
|
|switch|p1a: Iron Treads|Iron Treads|100/100|[from] Volt Switch
|-damage|p1a: Iron Treads|97/100|[from] Stealth Rock
|-damage|p1a: Iron Treads|81/100|[from] Spikes
|
|-heal|p1a: Iron Treads|87/100|[from] item: Leftovers
|
|switch|p2a: Dragapult|Dragapult, M|100/100
|turn|6
|
|move|p2a: Dragapult|Reflect|p2a: Dragapult
|-sidestart|p2: p2|Reflect
|move|p1a: Iron Treads|Knock Off|p2a: Dragapult
|-supereffective|p2a: Dragapult
|-damage|p2a: Dragapult|72/100
|-enditem|p2a: Dragapult|Light Clay|[from] move: Knock Off|[of] p1a: Iron Treads
|
|-heal|p1a: Iron Treads|93/100|[from] item: Leftovers
|turn|7
|
|move|p2a: Dragapult|Light Screen|p2a: Dragapult
|-sidestart|p2: p2|move: Light Screen
|move|p1a: Iron Treads|Volt Switch|p2a: Dragapult
|-resisted|p2a: Dragapult
|-damage|p2a: Dragapult|69/100
|
|-end|p1a: Iron Treads|Quark Drive|[silent]
|switch|p1a: Dragapult|Dragapult, M|100/100|[from] Volt Switch
|-damage|p1a: Dragapult|88/100|[from] Stealth Rock
|-damage|p1a: Dragapult|72/100|[from] Spikes
|
|turn|8
|
|move|p2a: Dragapult|U-turn|p1a: Dragapult
|-resisted|p1a: Dragapult
|-damage|p1a: Dragapult|59/100
|
|switch|p2a: Kingambit|Kingambit, M|100/100|[from] U-turn
|-activate|p2a: Kingambit|ability: Supreme Overlord
|-start|p2a: Kingambit|fallen2|[silent]
|move|p1a: Dragapult|U-turn|p2a: Kingambit
|-damage|p2a: Kingambit|75/100
|
|switch|p1a: Iron Treads|Iron Treads|93/100|[from] U-turn
|-damage|p1a: Iron Treads|90/100|[from] Stealth Rock
|-damage|p1a: Iron Treads|73/100|[from] Spikes
|
|-heal|p1a: Iron Treads|80/100|[from] item: Leftovers
|turn|9
|
|-end|p2a: Kingambit|fallen2|[silent]
|switch|p2a: Dragapult|Dragapult, M|69/100
|move|p1a: Iron Treads|Earthquake|p2a: Dragapult
|-damage|p2a: Dragapult|47/100
|
|-heal|p1a: Iron Treads|86/100|[from] item: Leftovers
|turn|10
|
|move|p2a: Dragapult|U-turn|p1a: Iron Treads
|-resisted|p1a: Iron Treads
|-damage|p1a: Iron Treads|80/100
|
|switch|p2a: Gholdengo|Gholdengo|100/100|[from] U-turn
|move|p1a: Iron Treads|Earthquake|p2a: Gholdengo
|-supereffective|p2a: Gholdengo
|-damage|p2a: Gholdengo|55/100
|
|-heal|p1a: Iron Treads|87/100|[from] item: Leftovers
|turn|11
|
|move|p2a: Gholdengo|Shadow Ball|p1a: Iron Treads
|-damage|p1a: Iron Treads|35/100
|move|p1a: Iron Treads|Earthquake|p2a: Gholdengo
|-supereffective|p2a: Gholdengo
|-damage|p2a: Gholdengo|12/100
|
|-heal|p1a: Iron Treads|41/100|[from] item: Leftovers
|-sideend|p2: p2|move: Light Screen
|turn|12
|
|move|p2a: Gholdengo|Shadow Ball|p1a: Iron Treads
|-damage|p1a: Iron Treads|0 fnt
|faint|p1a: Iron Treads
|-end|p1a: Iron Treads|Quark Drive|[silent]
|
|
|switch|p1a: Dragapult|Dragapult, M|59/100
|-damage|p1a: Dragapult|46/100|[from] Stealth Rock
|-damage|p1a: Dragapult|30/100|[from] Spikes
|turn|13
|
|move|p2a: Gholdengo|Shadow Ball|p1a: Dragapult
|-supereffective|p1a: Dragapult
|-damage|p1a: Dragapult|0 fnt
|faint|p1a: Dragapult
|
|-sideend|p2: p2|Reflect
|
|switch|p1a: Muk|Muk-Alola, M|100/100
|-damage|p1a: Muk|88/100|[from] Stealth Rock
|-damage|p1a: Muk|72/100|[from] Spikes
|turn|14
|
|switch|p2a: Kingambit|Kingambit, M|75/100
|-activate|p2a: Kingambit|ability: Supreme Overlord
|-start|p2a: Kingambit|fallen2|[silent]
|move|p1a: Muk|Knock Off|p2a: Kingambit
|-resisted|p2a: Kingambit
|-damage|p2a: Kingambit|63/100
|-enditem|p2a: Kingambit|Black Glasses|[from] move: Knock Off|[of] p1a: Muk
|
|turn|15
|
|move|p2a: Kingambit|Swords Dance|p2a: Kingambit
|-boost|p2a: Kingambit|atk|2
|move|p1a: Muk|Drain Punch|p2a: Kingambit
|-supereffective|p2a: Kingambit
|-damage|p2a: Kingambit|7/100
|-heal|p1a: Muk|99/100|[from] drain|[of] p2a: Kingambit
|
|turn|16
|
|move|p2a: Kingambit|Sucker Punch|p1a: Muk
|-resisted|p1a: Muk
|-damage|p1a: Muk|51/100
|move|p1a: Muk|Drain Punch|p2a: Kingambit
|-supereffective|p2a: Kingambit
|-damage|p2a: Kingambit|0 fnt
|-heal|p1a: Muk|54/100|[from] drain|[of] p2a: Kingambit
|faint|p2a: Kingambit
|-end|p2a: Kingambit|fallen2|[silent]
|
|
|switch|p2a: Gholdengo|Gholdengo|12/100
|turn|17
|
|move|p2a: Gholdengo|Make It Rain|p1a: Muk
|-damage|p1a: Muk|30/100
|-unboost|p2a: Gholdengo|spa|1
|move|p1a: Muk|Hex|p2a: Gholdengo
|-supereffective|p2a: Gholdengo
|-damage|p2a: Gholdengo|0 fnt
|faint|p2a: Gholdengo
|
|
|switch|p2a: Iron Moth|Iron Moth|100/100
|-enditem|p2a: Iron Moth|Booster Energy
|-activate|p2a: Iron Moth|ability: Quark Drive|[fromitem]
|-start|p2a: Iron Moth|quarkdrivespe
|turn|18
|
|move|p2a: Iron Moth|Fiery Dance|p1a: Muk
|-damage|p1a: Muk|14/100
|move|p1a: Muk|Knock Off|p2a: Iron Moth
|-damage|p2a: Iron Moth|65/100
|
|turn|19
|
|move|p2a: Iron Moth|Fiery Dance|p1a: Muk
|-damage|p1a: Muk|0 fnt
|-boost|p2a: Iron Moth|spa|1
|faint|p1a: Muk
|
|
|switch|p1a: Zapdos|Zapdos|61/100
|-damage|p1a: Zapdos|36/100|[from] Stealth Rock
|turn|20
|
|move|p2a: Iron Moth|Fiery Dance|p1a: Zapdos
|-damage|p1a: Zapdos|0 fnt
|-boost|p2a: Iron Moth|spa|1
|faint|p1a: Zapdos
|
|
|switch|p1a: Zamazenta|Zamazenta-Crowned, shiny|100/100
|-damage|p1a: Zamazenta|97/100|[from] Stealth Rock
|-damage|p1a: Zamazenta|81/100|[from] Spikes
|-ability|p1a: Zamazenta|Dauntless Shield|boost
|-boost|p1a: Zamazenta|def|1
|turn|21
|
|-terastallize|p2a: Iron Moth|Fairy
|-terastallize|p1a: Zamazenta|Fighting
|move|p2a: Iron Moth|Fiery Dance|p1a: Zamazenta
|-damage|p1a: Zamazenta|24/100
|move|p1a: Zamazenta|Body Press|p2a: Iron Moth
|-resisted|p2a: Iron Moth
|-damage|p2a: Iron Moth|11/100
|
|turn|22
|-message|p1 lost due to inactivity.
|
|win|p2
