# advantage = p2
|poke|p1|Corviknight, F|
|poke|p1|Toedscruel, M|
|poke|p1|Ceruledge, F|
|poke|p1|Dragapult, M|
|poke|p1|Toxapex, M|
|poke|p1|Iron Valiant|
|poke|p2|Iron Treads|
|poke|p2|Azumarill, F|
|poke|p2|Goodra-Hisui, M|
|poke|p2|Thundurus-Therian, M|
|poke|p2|Sableye, F|
|poke|p2|Zoroark-Hisui, M|
|teampreview
|
|start
|switch|p1a: Toedscruel|Toedscruel, M|100/100
|switch|p2a: Thundurus|Thundurus-Therian, M|100/100
|turn|1
|
|move|p2a: Thundurus|Volt Switch|p1a: Toedscruel
|-immune|p1a: Toedscruel
|move|p1a: Toedscruel|Spore|p2a: Thundurus
|-status|p2a: Thundurus|slp|[from] move: Spore
|
|turn|2
|
|switch|p2a: Goodra|Goodra-Hisui, M|100/100
|move|p1a: Toedscruel|Leech Seed|p2a: Goodra
|-start|p2a: Goodra|move: Leech Seed
|
|-damage|p2a: Goodra|88/100|[from] Leech Seed|[of] p1a: Toedscruel
|turn|3
|
|move|p2a: Goodra|Ice Beam|p1a: Toedscruel
|-supereffective|p1a: Toedscruel
|-damage|p1a: Toedscruel|26/100
|move|p1a: Toedscruel|Spikes|p2a: Goodra
|-sidestart|p2: p2|Spikes
|
|-damage|p2a: Goodra|76/100|[from] Leech Seed|[of] p1a: Toedscruel
|-heal|p1a: Toedscruel|38/100|[silent]
|turn|4
|
|switch|p1a: Toxapex|Toxapex, M|100/100
|move|p2a: Goodra|Ice Beam|p1a: Toxapex
|-resisted|p1a: Toxapex
|-damage|p1a: Toxapex|88/100
|
|-heal|p1a: Toxapex|94/100|[from] item: Black Sludge
|-damage|p2a: Goodra|63/100|[from] Leech Seed|[of] p1a: Toxapex
|-heal|p1a: Toxapex|100/100|[silent]
|turn|5
|
|switch|p2a: Iron Treads|Iron Treads|100/100
|-damage|p2a: Iron Treads|88/100|[from] Spikes
|move|p1a: Toxapex|Toxic Spikes|p2a: Iron Treads
|-sidestart|p2: p2|move: Toxic Spikes
|
|-heal|p2a: Iron Treads|94/100|[from] item: Leftovers
|turn|6
|
|switch|p1a: Dragapult|Dragapult, M|100/100
|move|p2a: Iron Treads|Rapid Spin|p1a: Dragapult
|-immune|p1a: Dragapult
|
|-heal|p2a: Iron Treads|99/100|[from] item: Leftovers
|turn|7
|
|move|p1a: Dragapult|Reflect|p1a: Dragapult
|-sidestart|p1: p1|Reflect
|move|p2a: Iron Treads|Stealth Rock|p1a: Dragapult
|-sidestart|p1: p1|move: Stealth Rock
|
|-heal|p2a: Iron Treads|100/100|[from] item: Leftovers
|turn|8
|
|move|p1a: Dragapult|Light Screen|p1a: Dragapult
|-sidestart|p1: p1|move: Light Screen
|move|p2a: Iron Treads|Knock Off|p1a: Dragapult
|-supereffective|p1a: Dragapult
|-damage|p1a: Dragapult|71/100
|-enditem|p1a: Dragapult|Light Clay|[from] move: Knock Off|[of] p2a: Iron Treads
|
|turn|9
|
|move|p1a: Dragapult|Curse|p2a: Iron Treads
|-start|p2a: Iron Treads|Curse|[of] p1a: Dragapult
|-damage|p1a: Dragapult|21/100
|move|p2a: Iron Treads|Volt Switch|p1a: Dragapult
|-resisted|p1a: Dragapult
|-damage|p1a: Dragapult|18/100
|
|-end|p2a: Iron Treads|Quark Drive|[silent]
|switch|p2a: Goodra|Goodra-Hisui, M|63/100|[from] Volt Switch
|-damage|p2a: Goodra|51/100|[from] Spikes
|
|turn|10
|
|move|p1a: Dragapult|Curse|p2a: Goodra
|-start|p2a: Goodra|Curse|[of] p1a: Dragapult
|-damage|p1a: Dragapult|0 fnt
|faint|p1a: Dragapult
|move|p2a: Goodra|Heavy Slam|p1: Dragapult|[notarget]
|-fail|p2a: Goodra
|
|-damage|p2a: Goodra|26/100|[from] Curse
|
|switch|p1a: Ceruledge|Ceruledge, F|100/100
|-damage|p1a: Ceruledge|76/100|[from] Stealth Rock
|turn|11
|
|switch|p2a: Thundurus|Thundurus-Therian, M|100/100 slp
|move|p1a: Ceruledge|Bulk Up|p1a: Ceruledge
|-boost|p1a: Ceruledge|atk|1
|-boost|p1a: Ceruledge|def|1
|
|turn|12
|
|cant|p2a: Thundurus|slp
|move|p1a: Ceruledge|Bulk Up|p1a: Ceruledge
|-boost|p1a: Ceruledge|atk|1
|-boost|p1a: Ceruledge|def|1
|
|turn|13
|
|cant|p2a: Thundurus|slp
|move|p1a: Ceruledge|Bulk Up|p1a: Ceruledge
|-boost|p1a: Ceruledge|atk|1
|-boost|p1a: Ceruledge|def|1
|
|turn|14
|
|cant|p2a: Thundurus|slp
|move|p1a: Ceruledge|Bulk Up|p1a: Ceruledge
|-boost|p1a: Ceruledge|atk|1
|-boost|p1a: Ceruledge|def|1
|
|-sideend|p1: p1|Reflect
|turn|15
|
|move|p1a: Ceruledge|Shadow Sneak|p2a: Thundurus
|-damage|p2a: Thundurus|15/100 slp
|-curestatus|p2a: Thundurus|slp|[msg]
|move|p2a: Thundurus|Wildbolt Storm|p1a: Ceruledge
|-crit|p1a: Ceruledge
|-damage|p1a: Ceruledge|0 fnt
|faint|p1a: Ceruledge
|
|-sideend|p1: p1|move: Light Screen
|-message|p1 forfeited.
|
|win|p2
