# advantage = p2
|poke|p1|Dragapult, M|
|poke|p1|Heatran, M|
|poke|p1|Urshifu-*, M|
|poke|p1|Zapdos|
|poke|p1|Great Tusk|
|poke|p1|Enamorus, F|
|poke|p2|Urshifu-*, F|
|poke|p2|Great Tusk|
|poke|p2|Enamorus, F|
|poke|p2|Heatran, F|
|poke|p2|Ursaluna, F|
|poke|p2|Sneasler, M|
|teampreview
|
|start
|switch|p1a: Urshifu|Urshifu-Rapid-Strike, M|100/100
|switch|p2a: Enamorus|Enamorus, F|100/100
|turn|1
|
|switch|p1a: Heatran|Heatran, M|100/100
|move|p2a: Enamorus|Earth Power|p1a: Heatran
|-supereffective|p1a: Heatran
|-damage|p1a: Heatran|0 fnt
|faint|p1a: Heatran
|
|
|switch|p1a: Zapdos|Zapdos|100/100
|turn|2
|
|switch|p2a: Ursaluna|Ursaluna, F|100/100
|move|p1a: Zapdos|Hurricane|p2a: Ursaluna
|-damage|p2a: Ursaluna|59/100
|
|-status|p2a: Ursaluna|brn|[from] item: Flame Orb
|turn|3
|
|move|p1a: Zapdos|Hurricane|p2a: Ursaluna|[miss]
|-miss|p1a: Zapdos|p2a: Ursaluna
|move|p2a: Ursaluna|Headlong Rush|p1a: Zapdos
|-immune|p1a: Zapdos
|
|-damage|p2a: Ursaluna|53/100 brn|[from] brn
|turn|4
|
|move|p1a: Zapdos|Hurricane|p2a: Ursaluna
|-damage|p2a: Ursaluna|13/100 brn
|move|p2a: Ursaluna|Facade|p1a: Zapdos
|-damage|p1a: Zapdos|10/100
|
|-damage|p2a: Ursaluna|7/100 brn|[from] brn
|turn|5
|
|move|p1a: Zapdos|Heat Wave|p2a: Ursaluna
|-damage|p2a: Ursaluna|0 fnt
|faint|p2a: Ursaluna
|
|
|switch|p2a: Enamorus|Enamorus, F|100/100
|turn|6
|
|move|p2a: Enamorus|Moonblast|p1a: Zapdos
|-damage|p1a: Zapdos|0 fnt
|faint|p1a: Zapdos
|
|
|switch|p1a: Enamorus|Enamorus, F|100/100
|turn|7
|
|-terastallize|p2a: Enamorus|Fire
|move|p2a: Enamorus|Moonblast|p1a: Enamorus
|-damage|p1a: Enamorus|0 fnt
|faint|p1a: Enamorus
|
|
|switch|p1a: Urshifu|Urshifu-Rapid-Strike, M|100/100
|turn|8
|
|switch|p2a: Great Tusk|Great Tusk|100/100
|move|p1a: Urshifu|Surging Strikes|p2a: Great Tusk
|-supereffective|p2a: Great Tusk
|-crit|p2a: Great Tusk
|-damage|p2a: Great Tusk|81/100
|-supereffective|p2a: Great Tusk
|-crit|p2a: Great Tusk
|-damage|p2a: Great Tusk|63/100
|-supereffective|p2a: Great Tusk
|-crit|p2a: Great Tusk
|-damage|p2a: Great Tusk|43/100
|-hitcount|p2a: Great Tusk|3
|
|-heal|p2a: Great Tusk|50/100|[from] item: Leftovers
|turn|9
|
|move|p1a: Urshifu|Surging Strikes|p2a: Great Tusk
|-supereffective|p2a: Great Tusk
|-crit|p2a: Great Tusk
|-damage|p2a: Great Tusk|33/100
|-supereffective|p2a: Great Tusk
|-crit|p2a: Great Tusk
|-damage|p2a: Great Tusk|15/100
|-supereffective|p2a: Great Tusk
|-crit|p2a: Great Tusk
|-damage|p2a: Great Tusk|0 fnt
|faint|p2a: Great Tusk
|-end|p2a: Great Tusk|Protosynthesis|[silent]
|-hitcount|p2: Great Tusk|3
|
|
|switch|p2a: Urshifu|Urshifu-Rapid-Strike, F|100/100
|turn|10
|
|switch|p1a: Dragapult|Dragapult, M|100/100
|move|p2a: Urshifu|U-turn|p1a: Dragapult
|-resisted|p1a: Dragapult
|-damage|p1a: Dragapult|71/100
|
|switch|p2a: Enamorus|Enamorus, F, tera:Fire|100/100|[from] U-turn
|
|-heal|p1a: Dragapult|77/100|[from] item: Leftovers
|turn|11
|
|move|p1a: Dragapult|Dragon Darts|p2a: Enamorus
|-damage|p2a: Enamorus|65/100
|-anim|p1a: Dragapult|Dragon Darts|p2a: Enamorus
|-damage|p2a: Enamorus|31/100
|move|p2a: Enamorus|Moonblast|p1a: Dragapult
|-supereffective|p1a: Dragapult
|-damage|p1a: Dragapult|0 fnt
|faint|p1a: Dragapult
|
|
|switch|p1a: Urshifu|Urshifu-Rapid-Strike, M|100/100
|turn|12
|
|move|p1a: Urshifu|Surging Strikes|p2a: Enamorus
|-supereffective|p2a: Enamorus
|-crit|p2a: Enamorus
|-damage|p2a: Enamorus|0 fnt
|faint|p2a: Enamorus
|-hitcount|p2: Enamorus|1
|
|
|switch|p2a: Urshifu|Urshifu-Rapid-Strike, F|100/100
|turn|13
|
|move|p1a: Urshifu|Surging Strikes|p2a: Urshifu
|-resisted|p2a: Urshifu
|-crit|p2a: Urshifu
|-damage|p2a: Urshifu|91/100
|-resisted|p2a: Urshifu
|-crit|p2a: Urshifu
|-damage|p2a: Urshifu|81/100
|-resisted|p2a: Urshifu
|-crit|p2a: Urshifu
|-damage|p2a: Urshifu|71/100
|-hitcount|p2a: Urshifu|3
|move|p2a: Urshifu|Close Combat|p1a: Urshifu
|-damage|p1a: Urshifu|5/100
|-unboost|p2a: Urshifu|def|1
|-unboost|p2a: Urshifu|spd|1
|
|turn|14
|
|switch|p2a: Heatran|Heatran, F|100/100
|move|p1a: Urshifu|Surging Strikes|p2a: Heatran
|-supereffective|p2a: Heatran
|-crit|p2a: Heatran
|-damage|p2a: Heatran|61/100
|-supereffective|p2a: Heatran
|-crit|p2a: Heatran
|-damage|p2a: Heatran|20/100
|-supereffective|p2a: Heatran
|-crit|p2a: Heatran
|-damage|p2a: Heatran|0 fnt
|faint|p2a: Heatran
|-hitcount|p2: Heatran|3
|
|
|switch|p2a: Urshifu|Urshifu-Rapid-Strike, F|71/100
|turn|15
|
|move|p1a: Urshifu|Surging Strikes|p2a: Urshifu
|-resisted|p2a: Urshifu
|-crit|p2a: Urshifu
|-damage|p2a: Urshifu|61/100
|-resisted|p2a: Urshifu
|-crit|p2a: Urshifu
|-damage|p2a: Urshifu|52/100
|-resisted|p2a: Urshifu
|-crit|p2a: Urshifu
|-damage|p2a: Urshifu|44/100
|-hitcount|p2a: Urshifu|3
|move|p2a: Urshifu|Surging Strikes|p1a: Urshifu
|-resisted|p1a: Urshifu
|-crit|p1a: Urshifu
|-damage|p1a: Urshifu|0 fnt
|faint|p1a: Urshifu
|-hitcount|p1: Urshifu|1
|
|
|switch|p1a: Great Tusk|Great Tusk|100/100
|-enditem|p1a: Great Tusk|Booster Energy
|-activate|p1a: Great Tusk|ability: Protosynthesis|[fromitem]
|-start|p1a: Great Tusk|protosynthesisspe
|turn|16
|
|move|p1a: Great Tusk|Headlong Rush|p2a: Urshifu
|-damage|p2a: Urshifu|0 fnt
|-unboost|p1a: Great Tusk|def|1
|-unboost|p1a: Great Tusk|spd|1
|faint|p2a: Urshifu
|
|
|switch|p2a: Sneasler|Sneasler, M|100/100
|-item|p2a: Sneasler|Air Balloon
|turn|17
|
|move|p1a: Great Tusk|Rapid Spin|p2a: Sneasler
|-damage|p2a: Sneasler|77/100
|-boost|p1a: Great Tusk|spe|1
|-enditem|p2a: Sneasler|Air Balloon
|move|p2a: Sneasler|Swords Dance|p2a: Sneasler
|-boost|p2a: Sneasler|atk|2
|
|turn|18
|
|-terastallize|p1a: Great Tusk|Steel
|move|p2a: Sneasler|Acrobatics|p1a: Great Tusk
|-resisted|p1a: Great Tusk
|-damage|p1a: Great Tusk|68/100
|move|p1a: Great Tusk|Headlong Rush|p2a: Sneasler
|-supereffective|p2a: Sneasler
|-damage|p2a: Sneasler|0 fnt
|-unboost|p1a: Great Tusk|def|1
|-unboost|p1a: Great Tusk|spd|1
|faint|p2a: Sneasler
|
|win|p1
