# advantage = p1
|poke|p1|Pelipper, M|
|poke|p1|Maushold-Four|
|poke|p1|Thundurus-Therian, M|
|poke|p1|Amoonguss, F|
|poke|p1|Landorus-Therian, M|
|poke|p1|Floatzel, M|
|poke|p2|Pelipper, F|
|poke|p2|Floatzel, F|
|poke|p2|Azumarill, F|
|poke|p2|Golduck, M|
|poke|p2|Pawmot, F|
|poke|p2|Toedscruel, F|
|teampreview
|
|start
|switch|p1a: Thundurus|Thundurus-Therian, M|100/100
|switch|p2a: Ghoti carrier|Pelipper, F|100/100
|-weather|RainDance|[from] ability: Drizzle|[of] p2a: Ghoti carrier
|turn|1
|
|switch|p2a: Spaghetti Memory|Toedscruel, F|100/100
|move|p1a: Thundurus|Thunder|p2a: Spaghetti Memory
|-immune|p2a: Spaghetti Memory
|
|-weather|RainDance|[upkeep]
|turn|2
|
|move|p1a: Thundurus|Nasty Plot|p1a: Thundurus
|-boost|p1a: Thundurus|spa|2
|move|p2a: Spaghetti Memory|Spikes|p1a: Thundurus
|-sidestart|p1: p1|Spikes
|
|-weather|RainDance|[upkeep]
|turn|3
|
|move|p1a: Thundurus|Tera Blast|p2a: Spaghetti Memory
|-damage|p2a: Spaghetti Memory|65/100
|move|p2a: Spaghetti Memory|Spore|p1a: Thundurus
|-status|p1a: Thundurus|slp|[from] move: Spore
|
|-weather|RainDance|[upkeep]
|turn|4
|
|switch|p2a: Seaking Duck|Golduck, M|100/100
|cant|p1a: Thundurus|slp
|
|-weather|RainDance|[upkeep]
|turn|5
|
|switch|p1a: Amoonguss|Amoonguss, F|100/100
|-damage|p1a: Amoonguss|88/100|[from] Spikes
|move|p2a: Seaking Duck|Surf|p1a: Amoonguss
|-resisted|p1a: Amoonguss
|-damage|p1a: Amoonguss|52/100
|-enditem|p1a: Amoonguss|Eject Button
|-damage|p2a: Seaking Duck|91/100|[from] item: Life Orb
|
|switch|p1a: Floatzel|Floatzel, M|100/100
|-damage|p1a: Floatzel|88/100|[from] Spikes
|
|-weather|RainDance|[upkeep]
|turn|6
|
|switch|p2a: Spaghetti Memory|Toedscruel, F|65/100
|move|p1a: Floatzel|Wave Crash|p2a: Spaghetti Memory
|-damage|p2a: Spaghetti Memory|0 fnt
|-damage|p1a: Floatzel|72/100|[from] item: Rocky Helmet|[of] p2a: Spaghetti Memory
|faint|p2a: Spaghetti Memory
|-damage|p1a: Floatzel|49/100|[from] Recoil
|
|-weather|RainDance|[upkeep]
|
|switch|p2a: The Goat|Azumarill, F|100/100
|turn|7
|
|move|p1a: Floatzel|Wave Crash|p2a: The Goat
|-resisted|p2a: The Goat
|-damage|p2a: The Goat|38/100
|-enditem|p2a: The Goat|Sitrus Berry|[eat]
|-heal|p2a: The Goat|63/100|[from] item: Sitrus Berry
|-damage|p1a: Floatzel|24/100|[from] Recoil
|move|p2a: The Goat|Belly Drum|p2a: The Goat
|-damage|p2a: The Goat|13/100
|-setboost|p2a: The Goat|atk|6|[from] move: Belly Drum
|
|-weather|RainDance|[upkeep]
|turn|8
|
|switch|p1a: Thundurus|Thundurus-Therian, M|100/100 slp
|move|p2a: The Goat|Aqua Jet|p1a: Thundurus
|-damage|p1a: Thundurus|0 fnt
|faint|p1a: Thundurus
|
|-weather|none
|
|switch|p1a: Floatzel|Floatzel, M|24/100
|-damage|p1a: Floatzel|12/100|[from] Spikes
|turn|9
|
|switch|p2a: Ghoti carrier|Pelipper, F|100/100
|-weather|RainDance|[from] ability: Drizzle|[of] p2a: Ghoti carrier
|move|p1a: Floatzel|Aqua Jet|p2a: Ghoti carrier
|-resisted|p2a: Ghoti carrier
|-damage|p2a: Ghoti carrier|78/100
|
|-weather|RainDance|[upkeep]
|turn|10
|
|switch|p1a: Pelipper|Pelipper, M|100/100
|move|p2a: Ghoti carrier|Hurricane|p1a: Pelipper
|-damage|p1a: Pelipper|50/100
|-start|p1a: Pelipper|confusion
|
|-weather|RainDance|[upkeep]
|turn|11
|
|-activate|p1a: Pelipper|confusion
|-damage|p1a: Pelipper|45/100|[from] confusion
|move|p2a: Ghoti carrier|Hurricane|p1a: Pelipper
|-damage|p1a: Pelipper|0 fnt
|faint|p1a: Pelipper
|
|-weather|RainDance|[upkeep]
|
|switch|p1a: Maushold|Maushold-Four|100/100
|-damage|p1a: Maushold|88/100|[from] Spikes
|turn|12
|
|switch|p2a: The Goat|Azumarill, F|13/100
|move|p1a: Maushold|Tidy Up|p1a: Maushold
|-sideend|p1: p1|Spikes
|-activate|p1a: Maushold|move: Tidy Up
|-boost|p1a: Maushold|atk|1
|-boost|p1a: Maushold|spe|1
|
|-weather|RainDance|[upkeep]
|turn|13
|
|move|p2a: The Goat|Aqua Jet|p1a: Maushold
|-damage|p1a: Maushold|29/100
|move|p1a: Maushold|Population Bomb|p2a: The Goat
|-damage|p2a: The Goat|0 fnt
|faint|p2a: The Goat
|-hitcount|p2: The Goat|1
|
|-weather|RainDance|[upkeep]
|
|switch|p2a: Seaking Duck|Golduck, M|91/100
|turn|14
|
|move|p2a: Seaking Duck|Ice Beam|p1a: Maushold
|-damage|p1a: Maushold|0 fnt
|faint|p1a: Maushold
|-damage|p2a: Seaking Duck|81/100|[from] item: Life Orb
|
|-weather|RainDance|[upkeep]
|
|switch|p1a: Floatzel|Floatzel, M|12/100
|turn|15
|
|move|p1a: Floatzel|Liquidation|p2a: Seaking Duck
|-resisted|p2a: Seaking Duck
|-damage|p2a: Seaking Duck|13/100
|move|p2a: Seaking Duck|Surf|p1a: Floatzel
|-resisted|p1a: Floatzel
|-damage|p1a: Floatzel|0 fnt
|faint|p1a: Floatzel
|-damage|p2a: Seaking Duck|3/100|[from] item: Life Orb
|
|-weather|RainDance|[upkeep]
|
|switch|p1a: Amoonguss|Amoonguss, F|85/100
|turn|16
|
|-terastallize|p1a: Amoonguss|Water
|move|p2a: Seaking Duck|Ice Beam|p1a: Amoonguss
|-resisted|p1a: Amoonguss
|-damage|p1a: Amoonguss|71/100
|-damage|p2a: Seaking Duck|0 fnt|[from] item: Life Orb
|faint|p2a: Seaking Duck
|move|p1a: Amoonguss|Giga Drain|p2: Seaking Duck|[notarget]
|-fail|p1a: Amoonguss
|
|-weather|none
|
|switch|p2a: Really want eject|Pawmot, F|100/100
|turn|17
|
|move|p2a: Really want eject|Encore|p1a: Amoonguss
|-start|p1a: Amoonguss|Encore
|move|p1a: Amoonguss|Giga Drain|p2a: Really want eject
|-damage|p2a: Really want eject|66/100
|-heal|p1a: Amoonguss|85/100|[from] drain|[of] p2a: Really want eject
|
|turn|18
|
|move|p2a: Really want eject|Nuzzle|p1a: Amoonguss
|-supereffective|p1a: Amoonguss
|-damage|p1a: Amoonguss|73/100
|-status|p1a: Amoonguss|par
|move|p1a: Amoonguss|Giga Drain|p2a: Really want eject
|-damage|p2a: Really want eject|31/100
|-heal|p1a: Amoonguss|88/100 par|[from] drain|[of] p2a: Really want eject
|
|turn|19
|
|move|p2a: Really want eject|Revival Blessing|p2a: Really want eject
|-enditem|p2a: Really want eject|Leppa Berry|[eat]
|-activate|p2a: Really want eject|item: Leppa Berry|Revival Blessing|[consumed]
|
|-heal|p2: Seaking Duck|50/100|[from] move: Revival Blessing
|move|p1a: Amoonguss|Giga Drain|p2a: Really want eject
|-damage|p2a: Really want eject|0 fnt
|-heal|p1a: Amoonguss|99/100 par|[from] drain|[of] p2a: Really want eject
|faint|p2a: Really want eject
|
|-end|p1a: Amoonguss|Encore
|
|switch|p2a: Ghoti carrier|Pelipper, F|78/100
|-weather|RainDance|[from] ability: Drizzle|[of] p2a: Ghoti carrier
|turn|20
|
|-terastallize|p2a: Ghoti carrier|Grass
|move|p2a: Ghoti carrier|Hurricane|p1a: Amoonguss
|-damage|p1a: Amoonguss|68/100 par
|move|p1a: Amoonguss|Spore|p2a: Ghoti carrier
|-immune|p2a: Ghoti carrier
|
|-weather|RainDance|[upkeep]
|turn|21
|
|switch|p1a: Landorus|Landorus-Therian, M|100/100
|-ability|p1a: Landorus|Intimidate|boost
|-unboost|p2a: Ghoti carrier|atk|1
|move|p2a: Ghoti carrier|Hurricane|p1a: Landorus
|-damage|p1a: Landorus|61/100
|
|-weather|RainDance|[upkeep]
|-heal|p1a: Landorus|67/100|[from] item: Leftovers
|turn|22
|
|move|p1a: Landorus|U-turn|p2a: Ghoti carrier
|-supereffective|p2a: Ghoti carrier
|-damage|p2a: Ghoti carrier|31/100
|
|switch|p1a: Amoonguss|Amoonguss, F, tera:Water|100/100 par|[from] U-turn
|move|p2a: Ghoti carrier|Surf|p1a: Amoonguss
|-resisted|p1a: Amoonguss
|-damage|p1a: Amoonguss|82/100 par
|
|-weather|RainDance|[upkeep]
|turn|23
|
|move|p2a: Ghoti carrier|Hurricane|p1a: Amoonguss
|-damage|p1a: Amoonguss|51/100 par
|-start|p1a: Amoonguss|confusion
|-activate|p1a: Amoonguss|confusion
|move|p1a: Amoonguss|Sludge Bomb|p2a: Ghoti carrier
|-supereffective|p2a: Ghoti carrier
|-crit|p2a: Ghoti carrier
|-damage|p2a: Ghoti carrier|0 fnt
|faint|p2a: Ghoti carrier
|
|-weather|RainDance|[upkeep]
|
|switch|p2a: Seaking Duck|Golduck, M|50/100
|turn|24
|
|move|p2a: Seaking Duck|Grass Knot|p1a: Amoonguss
|-supereffective|p1a: Amoonguss
|-damage|p1a: Amoonguss|25/100 par
|-damage|p2a: Seaking Duck|40/100|[from] item: Life Orb
|-activate|p1a: Amoonguss|confusion
|move|p1a: Amoonguss|Giga Drain|p2a: Seaking Duck
|-supereffective|p2a: Seaking Duck
|-damage|p2a: Seaking Duck|0 fnt
|-heal|p1a: Amoonguss|39/100 par|[from] drain|[of] p2a: Seaking Duck
|faint|p2a: Seaking Duck
|
|-weather|RainDance|[upkeep]
|
|switch|p2a: BandedSkeda|Floatzel, F|100/100
|turn|25
|
|switch|p1a: Landorus|Landorus-Therian, M|67/100
|-ability|p1a: Landorus|Intimidate|boost
|-unboost|p2a: BandedSkeda|atk|1
|move|p2a: BandedSkeda|Wave Crash|p1a: Landorus
|-supereffective|p1a: Landorus
|-damage|p1a: Landorus|0 fnt
|faint|p1a: Landorus
|-damage|p2a: BandedSkeda|76/100|[from] Recoil
|
|-weather|RainDance|[upkeep]
|
|switch|p1a: Amoonguss|Amoonguss, F, tera:Water|72/100 par
|turn|26
|
|move|p2a: BandedSkeda|Wave Crash|p1a: Amoonguss
|-resisted|p1a: Amoonguss
|-damage|p1a: Amoonguss|40/100 par
|-damage|p2a: BandedSkeda|62/100|[from] Recoil
|move|p1a: Amoonguss|Giga Drain|p2a: BandedSkeda
|-supereffective|p2a: BandedSkeda
|-damage|p2a: BandedSkeda|0 fnt
|-heal|p1a: Amoonguss|64/100 par|[from] drain|[of] p2a: BandedSkeda
|faint|p2a: BandedSkeda
|
|win|p1
