# advantage = p1
|poke|p1|Kingambit, M|
|poke|p1|Dragapult, M|
|poke|p1|Great Tusk|
|poke|p1|Rabsca, M|
|poke|p1|Garganacl, M|
|poke|p1|Landorus-Therian, M|
|poke|p2|Kingambit, M|
|poke|p2|Iron Moth|
|poke|p2|Iron Valiant|
|poke|p2|Great Tusk|
|poke|p2|Scream Tail|
|poke|p2|Dragapult, M|
|teampreview
|
|start
|switch|p1a: Landorus|Landorus-Therian, M, shiny|100/100
|switch|p2a: Dragapult|Dragapult, M|100/100
|-ability|p1a: Landorus|Intimidate|boost
|-unboost|p2a: Dragapult|atk|1
|turn|1
|
|move|p2a: Dragapult|U-turn|p1a: Landorus
|-resisted|p1a: Landorus
|-damage|p1a: Landorus|95/100
|
|switch|p2a: Scream Tail|Scream Tail|100/100|[from] U-turn
|move|p1a: Landorus|Crunch|p2a: Scream Tail
|-crit|p2a: Scream Tail
|-damage|p2a: Scream Tail|56/100
|-unboost|p2a: Scream Tail|def|1
|
|-heal|p2a: Scream Tail|62/100|[from] item: Leftovers
|turn|2
|
|move|p1a: Landorus|Crunch|p2a: Scream Tail
|-damage|p2a: Scream Tail|21/100
|-unboost|p2a: Scream Tail|def|1
|move|p2a: Scream Tail|Wish|p2a: Scream Tail
|
|-heal|p2a: Scream Tail|28/100|[from] item: Leftovers
|turn|3
|
|switch|p1a: Dragapult|Dragapult, M, shiny|100/100
|move|p2a: Scream Tail|Protect||[still]
|-fail|p2a: Scream Tail
|
|-heal|p2a: Scream Tail|78/100|[from] move: Wish|[wisher] Scream Tail
|-heal|p2a: Scream Tail|84/100|[from] item: Leftovers
|turn|4
|
|move|p1a: Dragapult|Shadow Ball|p2a: Scream Tail
|-supereffective|p2a: Scream Tail
|-damage|p2a: Scream Tail|14/100
|move|p2a: Scream Tail|Dazzling Gleam|p1a: Dragapult
|-supereffective|p1a: Dragapult
|-damage|p1a: Dragapult|48/100
|
|-heal|p2a: Scream Tail|21/100|[from] item: Leftovers
|turn|5
|
|-end|p2a: Scream Tail|Protosynthesis|[silent]
|switch|p2a: Edge|Kingambit, M|100/100
|move|p1a: Dragapult|Shadow Ball|p2a: Edge
|-resisted|p2a: Edge
|-damage|p2a: Edge|72/100
|
|-heal|p2a: Edge|79/100|[from] item: Leftovers
|turn|6
|
|switch|p1a: Landorus|Landorus-Therian, M, shiny|95/100
|-ability|p1a: Landorus|Intimidate|boost
|-unboost|p2a: Edge|atk|1
|-end|p2a: Edge|fallenundefined|[silent]
|switch|p2a: Scream Tail|Scream Tail|21/100
|
|-heal|p2a: Scream Tail|27/100|[from] item: Leftovers
|turn|7
|
|-end|p2a: Scream Tail|Protosynthesis|[silent]
|switch|p2a: Great Tusk|Great Tusk|100/100
|move|p1a: Landorus|U-turn|p2a: Great Tusk
|-resisted|p2a: Great Tusk
|-damage|p2a: Great Tusk|93/100
|
|switch|p1a: Garganacl|Garganacl, M, shiny|100/100|[from] U-turn
|
|-heal|p2a: Great Tusk|99/100|[from] item: Leftovers
|turn|8
|
|-terastallize|p1a: Garganacl|Water
|move|p2a: Great Tusk|Rapid Spin|p1a: Garganacl
|-damage|p1a: Garganacl|94/100
|-boost|p2a: Great Tusk|spe|1
|-damage|p2a: Great Tusk|82/100|[from] item: Rocky Helmet|[of] p1a: Garganacl
|move|p1a: Garganacl|Iron Defense|p1a: Garganacl
|-boost|p1a: Garganacl|def|2
|
|-heal|p2a: Great Tusk|89/100|[from] item: Leftovers
|turn|9
|
|-end|p2a: Great Tusk|Protosynthesis|[silent]
|switch|p2a: Dragapult|Dragapult, M|100/100
|move|p1a: Garganacl|Salt Cure|p2a: Dragapult
|-damage|p2a: Dragapult|84/100
|-start|p2a: Dragapult|Salt Cure
|
|-damage|p2a: Dragapult|71/100|[from] Salt Cure
|turn|10
|
|move|p2a: Dragapult|Will-O-Wisp|p1a: Garganacl
|-immune|p1a: Garganacl|[from] ability: Purifying Salt
|move|p1a: Garganacl|Iron Defense|p1a: Garganacl
|-boost|p1a: Garganacl|def|2
|
|-damage|p2a: Dragapult|59/100|[from] Salt Cure
|turn|11
|
|move|p2a: Dragapult|Draco Meteor|p1a: Garganacl
|-damage|p1a: Garganacl|52/100
|-unboost|p2a: Dragapult|spa|2
|move|p1a: Garganacl|Salt Cure|p2a: Dragapult
|-damage|p2a: Dragapult|44/100
|
|-damage|p2a: Dragapult|32/100|[from] Salt Cure
|turn|12
|
|switch|p2a: Scream Tail|Scream Tail|27/100
|move|p1a: Garganacl|Body Press|p2a: Scream Tail
|-resisted|p2a: Scream Tail
|-damage|p2a: Scream Tail|6/100
|
|-heal|p2a: Scream Tail|12/100|[from] item: Leftovers
|turn|13
|
|move|p2a: Scream Tail|Encore|p1a: Garganacl
|-start|p1a: Garganacl|Encore
|move|p1a: Garganacl|Body Press|p2a: Scream Tail
|-resisted|p2a: Scream Tail
|-damage|p2a: Scream Tail|0 fnt
|faint|p2a: Scream Tail
|-end|p2a: Scream Tail|Protosynthesis|[silent]
|
|
|switch|p2a: Dragapult|Dragapult, M|32/100
|turn|14
|
|switch|p1a: Kingambit|Kingambit, M, shiny|100/100
|move|p2a: Dragapult|Will-O-Wisp|p1a: Kingambit
|-status|p1a: Kingambit|brn
|
|-damage|p1a: Kingambit|94/100 brn|[from] brn
|turn|15
|
|move|p2a: Dragapult|U-turn|p1a: Kingambit
|-damage|p1a: Kingambit|79/100 brn
|
|switch|p2a: Edge|Kingambit, M|79/100|[from] U-turn
|-activate|p2a: Edge|ability: Supreme Overlord
|-start|p2a: Edge|fallen1|[silent]
|move|p1a: Kingambit|Kowtow Cleave|p2a: Edge
|-resisted|p2a: Edge
|-damage|p2a: Edge|67/100
|-damage|p1a: Kingambit|70/100 brn|[from] item: Life Orb
|
|-heal|p2a: Edge|73/100|[from] item: Leftovers
|-damage|p1a: Kingambit|63/100 brn|[from] brn
|turn|16
|
|move|p1a: Kingambit|Brick Break|p2a: Edge
|-supereffective|p2a: Edge
|-damage|p2a: Edge|18/100
|-damage|p1a: Kingambit|53/100 brn|[from] item: Life Orb
|move|p2a: Edge|Substitute|p2a: Edge
|-fail|p2a: Edge|move: Substitute|[weak]
|
|-heal|p2a: Edge|24/100|[from] item: Leftovers
|-damage|p1a: Kingambit|47/100 brn|[from] brn
|turn|17
|
|-terastallize|p2a: Edge|Flying
|move|p1a: Kingambit|Kowtow Cleave|p2a: Edge
|-damage|p2a: Edge|0 fnt
|faint|p2a: Edge
|-end|p2a: Edge|fallen1|[silent]
|-damage|p1a: Kingambit|37/100 brn|[from] item: Life Orb
|
|-damage|p1a: Kingambit|31/100 brn|[from] brn
|
|switch|p2a: Super Merk2|Iron Moth|100/100
|turn|18
|
|move|p1a: Kingambit|Sucker Punch|p2a: Super Merk2
|-damage|p2a: Super Merk2|53/100
|-damage|p1a: Kingambit|21/100 brn|[from] item: Life Orb
|move|p2a: Super Merk2|Overheat|p1a: Kingambit
|-supereffective|p1a: Kingambit
|-damage|p1a: Kingambit|0 fnt
|-unboost|p2a: Super Merk2|spa|2
|faint|p1a: Kingambit
|-end|p1a: Kingambit|fallenundefined|[silent]
|
|
|switch|p1a: Landorus|Landorus-Therian, M, shiny|95/100
|-ability|p1a: Landorus|Intimidate|boost
|-unboost|p2a: Super Merk2|atk|1
|turn|19
|
|-end|p2a: Super Merk2|Quark Drive|[silent]
|switch|p2a: Great Tusk|Great Tusk|89/100
|move|p1a: Landorus|Earthquake|p2a: Great Tusk
|-damage|p2a: Great Tusk|55/100
|
|-heal|p2a: Great Tusk|61/100|[from] item: Leftovers
|turn|20
|
|move|p1a: Landorus|Earthquake|p2a: Great Tusk
|-damage|p2a: Great Tusk|27/100
|move|p2a: Great Tusk|Stealth Rock|p1a: Landorus
|-sidestart|p1: p1|move: Stealth Rock
|
|-heal|p2a: Great Tusk|33/100|[from] item: Leftovers
|turn|21
|
|move|p1a: Landorus|Earthquake|p2a: Great Tusk
|-damage|p2a: Great Tusk|0 fnt
|faint|p2a: Great Tusk
|-end|p2a: Great Tusk|Protosynthesis|[silent]
|
|
|switch|p2a: Super Merk2|Iron Moth|53/100
|turn|22
|
|move|p1a: Landorus|Earthquake|p2a: Super Merk2
|-supereffective|p2a: Super Merk2
|-damage|p2a: Super Merk2|0 fnt
|faint|p2a: Super Merk2
|-end|p2a: Super Merk2|Quark Drive|[silent]
|
|
|switch|p2a: Dragapult|Dragapult, M|32/100
|turn|23
|
|move|p1a: Landorus|Earthquake|p2a: Dragapult
|-damage|p2a: Dragapult|0 fnt
|faint|p2a: Dragapult
|
|
|switch|p2a: Iron Valiant|Iron Valiant|100/100
|-enditem|p2a: Iron Valiant|Booster Energy
|-activate|p2a: Iron Valiant|ability: Quark Drive|[fromitem]
|-start|p2a: Iron Valiant|quarkdrivespe
|turn|24
|
|move|p2a: Iron Valiant|Moonblast|p1a: Landorus
|-damage|p1a: Landorus|37/100
|move|p1a: Landorus|Earthquake|p2a: Iron Valiant
|-damage|p2a: Iron Valiant|18/100
|
|turn|25
|
|move|p2a: Iron Valiant|Moonblast|p1a: Landorus
|-damage|p1a: Landorus|0 fnt
|faint|p1a: Landorus
|
|
|switch|p1a: Rabsca|Rabsca, M, shiny|100/100
|-damage|p1a: Rabsca|76/100|[from] Stealth Rock
|turn|26
|
|move|p2a: Iron Valiant|Taunt|p1a: Rabsca
|-start|p1a: Rabsca|move: Taunt
|cant|p1a: Rabsca|move: Taunt|Revival Blessing
|
|turn|27
|
|switch|p1a: Garganacl|Garganacl, M, shiny, tera:Water|52/100
|-damage|p1a: Garganacl|40/100|[from] Stealth Rock
|move|p2a: Iron Valiant|Moonblast|p1a: Garganacl
|-damage|p1a: Garganacl|2/100
|
|turn|28
|
|move|p2a: Iron Valiant|Moonblast|p1a: Garganacl
|-damage|p1a: Garganacl|0 fnt
|faint|p1a: Garganacl
|
|
|switch|p1a: Rabsca|Rabsca, M, shiny|76/100
|-damage|p1a: Rabsca|51/100|[from] Stealth Rock
|turn|29
|
|move|p2a: Iron Valiant|Moonblast|p1a: Rabsca
|-damage|p1a: Rabsca|8/100
|move|p1a: Rabsca|Bug Buzz|p2a: Iron Valiant
|-resisted|p2a: Iron Valiant
|-damage|p2a: Iron Valiant|2/100
|
|turn|30
|
|move|p2a: Iron Valiant|Moonblast|p1a: Rabsca
|-damage|p1a: Rabsca|0 fnt
|faint|p1a: Rabsca
|
|
|switch|p1a: Dragapult|Dragapult, M, shiny|48/100
|-damage|p1a: Dragapult|35/100|[from] Stealth Rock
|turn|31
|
|move|p2a: Iron Valiant|Moonblast|p1a: Dragapult
|-supereffective|p1a: Dragapult
|-damage|p1a: Dragapult|0 fnt
|faint|p1a: Dragapult
|
|
|switch|p1a: Great Tusk|Great Tusk, shiny|100/100
|-damage|p1a: Great Tusk|98/100|[from] Stealth Rock
|-enditem|p1a: Great Tusk|Booster Energy
|-activate|p1a: Great Tusk|ability: Protosynthesis|[fromitem]
|-start|p1a: Great Tusk|protosynthesisatk
|turn|32
|
|move|p2a: Iron Valiant|Moonblast|p1a: Great Tusk
|-supereffective|p1a: Great Tusk
|-damage|p1a: Great Tusk|0 fnt
|faint|p1a: Great Tusk
|-end|p1a: Great Tusk|Protosynthesis|[silent]
|
|win|p2
