# advantage = p1
|poke|p1|Haxorus, F|
|poke|p1|Quaquaval, M|
|poke|p1|Volcarona, F|
|poke|p1|Orthworm, F|
|poke|p1|Skeledirge, M|
|poke|p1|Gholdengo|
|poke|p2|Basculegion, M|
|poke|p2|Enamorus, F|
|poke|p2|Masquerain, M|
|poke|p2|Zamazenta-*|
|poke|p2|Hoopa-Unbound|
|poke|p2|Chien-Pao|
|teampreview
|
|start
|switch|p1a: Gholdengo|Gholdengo|100/100
|switch|p2a: Masquerain|Masquerain, M|100/100
|-ability|p2a: Masquerain|Intimidate|boost
|-unboost|p1a: Gholdengo|atk|1
|turn|1
|
|move|p1a: Gholdengo|Trick|p2a: Masquerain
|-activate|p1a: Gholdengo|move: Trick|[of] p2a: Masquerain
|-item|p2a: Masquerain|Choice Scarf|[from] move: Trick
|-item|p1a: Gholdengo|Focus Sash|[from] move: Trick
|move|p2a: Masquerain|Sticky Web|p1a: Gholdengo
|-sidestart|p1: p1|move: Sticky Web
|
|turn|2
|
|switch|p2a: ban|Chien-Pao|100/100
|-ability|p2a: ban|Sword of Ruin
|move|p1a: Gholdengo|Shadow Ball|p2a: ban
|-resisted|p2a: ban
|-damage|p2a: ban|67/100
|
|turn|3
|
|switch|p1a: Quaquaval|Quaquaval, M|100/100
|move|p2a: ban|Crunch|p1a: Quaquaval
|-resisted|p1a: Quaquaval
|-damage|p1a: Quaquaval|65/100
|-unboost|p1a: Quaquaval|def|1
|
|turn|4
|
|move|p2a: ban|Sacred Sword|p1a: Quaquaval
|-damage|p1a: Quaquaval|9/100
|move|p1a: Quaquaval|Aqua Step|p2a: ban
|-damage|p2a: ban|10/100
|-boost|p1a: Quaquaval|spe|1
|
|turn|5
|
|move|p1a: Quaquaval|Rapid Spin|p2a: ban
|-damage|p2a: ban|0 fnt
|-boost|p1a: Quaquaval|spe|1
|-sideend|p1: p1|Sticky Web|[from] move: Rapid Spin|[of] p1a: Quaquaval
|faint|p2a: ban
|-ability|p1a: Quaquaval|Moxie|boost
|-boost|p1a: Quaquaval|atk|1
|
|
|switch|p2a: stronk|Basculegion, M|100/100
|turn|6
|
|move|p2a: stronk|Aqua Jet|p1a: Quaquaval
|-resisted|p1a: Quaquaval
|-damage|p1a: Quaquaval|0 fnt
|faint|p1a: Quaquaval
|
|
|switch|p1a: Haxorus|Haxorus, F|100/100
|-ability|p1a: Haxorus|Mold Breaker
|turn|7
|
|switch|p2a: banned|Enamorus, F|100/100
|move|p1a: Haxorus|Dragon Dance|p1a: Haxorus
|-boost|p1a: Haxorus|atk|1
|-boost|p1a: Haxorus|spe|1
|
|turn|8
|
|-terastallize|p1a: Haxorus|Electric
|move|p1a: Haxorus|Iron Head|p2a: banned
|-supereffective|p2a: banned
|-damage|p2a: banned|0 fnt
|faint|p2a: banned
|-damage|p1a: Haxorus|91/100|[from] item: Life Orb
|
|
|switch|p2a: maybe ban|Zamazenta-Crowned|100/100
|-ability|p2a: maybe ban|Dauntless Shield|boost
|-boost|p2a: maybe ban|def|1
|turn|9
|
|move|p1a: Haxorus|Earthquake|p2a: maybe ban
|-supereffective|p2a: maybe ban
|-damage|p2a: maybe ban|30/100
|-damage|p1a: Haxorus|81/100|[from] item: Life Orb
|move|p2a: maybe ban|Body Press|p1a: Haxorus
|-damage|p1a: Haxorus|0 fnt
|faint|p1a: Haxorus
|
|
|switch|p1a: Orthworm|Orthworm, F|100/100
|turn|10
|
|move|p2a: maybe ban|Body Press|p1a: Orthworm
|-supereffective|p1a: Orthworm
|-damage|p1a: Orthworm|1/100
|move|p1a: Orthworm|Coil|p1a: Orthworm
|-boost|p1a: Orthworm|atk|1
|-boost|p1a: Orthworm|def|1
|-boost|p1a: Orthworm|accuracy|1
|
|-heal|p1a: Orthworm|7/100|[from] item: Leftovers
|turn|11
|
|move|p2a: maybe ban|Iron Defense|p2a: maybe ban
|-boost|p2a: maybe ban|def|2
|move|p1a: Orthworm|Body Press|p2a: maybe ban
|-supereffective|p2a: maybe ban
|-damage|p2a: maybe ban|11/100
|
|-heal|p1a: Orthworm|13/100|[from] item: Leftovers
|turn|12
|
|move|p2a: maybe ban|Body Press|p1a: Orthworm
|-supereffective|p1a: Orthworm
|-crit|p1a: Orthworm
|-damage|p1a: Orthworm|0 fnt
|faint|p1a: Orthworm
|
|
|switch|p1a: Gholdengo|Gholdengo|100/100
|turn|13
|
|move|p2a: maybe ban|Behemoth Bash|p1a: Gholdengo
|-resisted|p1a: Gholdengo
|-damage|p1a: Gholdengo|80/100
|move|p1a: Gholdengo|Shadow Ball|p2a: maybe ban
|-damage|p2a: maybe ban|0 fnt
|faint|p2a: maybe ban
|
|
|switch|p2a: stronk|Basculegion, M|100/100
|turn|14
|
|-terastallize|p2a: stronk|Water
|move|p2a: stronk|Wave Crash|p1a: Gholdengo
|-damage|p1a: Gholdengo|0 fnt
|faint|p1a: Gholdengo
|-damage|p2a: stronk|79/100|[from] Recoil
|
|
|switch|p1a: Skeledirge|Skeledirge, M|100/100
|turn|15
|
|move|p2a: stronk|Wave Crash|p1a: Skeledirge
|-supereffective|p1a: Skeledirge
|-damage|p1a: Skeledirge|0 fnt
|faint|p1a: Skeledirge
|-damage|p2a: stronk|46/100|[from] Recoil
|
|
|switch|p1a: Volcarona|Volcarona, F|100/100
|turn|16
|
|move|p2a: stronk|Wave Crash|p1a: Volcarona
|-supereffective|p1a: Volcarona
|-damage|p1a: Volcarona|0 fnt
|-status|p2a: stronk|brn|[from] ability: Flame Body|[of] p1a: Volcarona
|faint|p1a: Volcarona
|-damage|p2a: stronk|19/100 brn|[from] Recoil
|
|win|p2
