# advantage = p1
|poke|p1|Ceruledge, M|
|poke|p1|Flapple, M|
|poke|p1|Cyclizar, F|
|poke|p1|Scream Tail|
|poke|p1|Roaring Moon|
|poke|p1|Lucario, M|
|poke|p2|Breloom, F|
|poke|p2|Baxcalibur, M|
|poke|p2|Tinkaton, F|
|poke|p2|Typhlosion, M|
|poke|p2|Altaria, F|
|poke|p2|Grimmsnarl, M|
|teampreview
|
|start
|switch|p1a: Cyclizar|Cyclizar, F|100/100
|switch|p2a: Baxcalibur|Baxcalibur, M|100/100
|turn|1
|
|switch|p2a: Grimmsnarl|Grimmsnarl, M|100/100
|switch|p1a: Scream Tail|Scream Tail|100/100
|
|turn|2
|
|move|p2a: Grimmsnarl|Parting Shot|p1a: Scream Tail
|-unboost|p1a: Scream Tail|atk|1
|-unboost|p1a: Scream Tail|spa|1
|
|switch|p2a: Breloom|Breloom, F|100/100|[from] Parting Shot
|move|p1a: Scream Tail|Reflect|p1a: Scream Tail
|-sidestart|p1: p1|Reflect
|
|-status|p2a: Breloom|tox|[from] item: Toxic Orb
|turn|3
|
|move|p1a: Scream Tail|Light Screen|p1a: Scream Tail
|-sidestart|p1: p1|move: Light Screen
|move|p2a: Breloom|Substitute|p2a: Breloom
|-start|p2a: Breloom|Substitute
|-damage|p2a: Breloom|76/100 tox
|
|-heal|p2a: Breloom|88/100 tox|[from] ability: Poison Heal
|turn|4
|
|move|p1a: Scream Tail|Encore|p2a: Breloom
|-start|p2a: Breloom|Encore
|move|p2a: Breloom|Substitute|p2a: Breloom
|-fail|p2a: Breloom|move: Substitute
|
|-heal|p2a: Breloom|100/100 tox|[from] ability: Poison Heal
|turn|5
|
|-end|p1a: Scream Tail|Protosynthesis|[silent]
|switch|p1a: Roaring Moon|Roaring Moon|100/100
|-enditem|p1a: Roaring Moon|Booster Energy
|-activate|p1a: Roaring Moon|ability: Protosynthesis|[fromitem]
|-start|p1a: Roaring Moon|protosynthesisspe
|move|p2a: Breloom|Substitute|p2a: Breloom
|-fail|p2a: Breloom|move: Substitute
|
|turn|6
|
|move|p1a: Roaring Moon|Dragon Dance|p1a: Roaring Moon
|-boost|p1a: Roaring Moon|atk|1
|-boost|p1a: Roaring Moon|spe|1
|move|p2a: Breloom|Substitute|p2a: Breloom
|-fail|p2a: Breloom|move: Substitute
|
|-end|p2a: Breloom|Encore
|turn|7
|
|-terastallize|p1a: Roaring Moon|Flying
|move|p1a: Roaring Moon|Acrobatics|p2a: Breloom
|-supereffective|p2a: Breloom
|-end|p2a: Breloom|Substitute
|move|p2a: Breloom|Spore|p1a: Roaring Moon
|-status|p1a: Roaring Moon|slp|[from] move: Spore
|
|turn|8
|
|cant|p1a: Roaring Moon|slp
|move|p2a: Breloom|Substitute|p2a: Breloom
|-start|p2a: Breloom|Substitute
|-damage|p2a: Breloom|76/100 tox
|
|-heal|p2a: Breloom|88/100 tox|[from] ability: Poison Heal
|turn|9
|
|-curestatus|p1a: Roaring Moon|slp|[msg]
|move|p1a: Roaring Moon|Acrobatics|p2a: Breloom
|-supereffective|p2a: Breloom
|-end|p2a: Breloom|Substitute
|move|p2a: Breloom|Leech Seed|p1a: Roaring Moon
|-start|p1a: Roaring Moon|move: Leech Seed
|
|-damage|p1a: Roaring Moon|88/100|[from] Leech Seed|[of] p2a: Breloom
|-heal|p2a: Breloom|100/100 tox|[silent]
|-sideend|p1: p1|Reflect
|turn|10
|
|-terastallize|p2a: Breloom|Water
|move|p1a: Roaring Moon|Earthquake|p2a: Breloom
|-damage|p2a: Breloom|52/100 tox
|move|p2a: Breloom|Spore|p1a: Roaring Moon
|-status|p1a: Roaring Moon|slp|[from] move: Spore
|
|-damage|p1a: Roaring Moon|76/100 slp|[from] Leech Seed|[of] p2a: Breloom
|-heal|p2a: Breloom|65/100 tox|[silent]
|-heal|p2a: Breloom|77/100 tox|[from] ability: Poison Heal
|-sideend|p1: p1|move: Light Screen
|turn|11
|
|-end|p1a: Roaring Moon|Protosynthesis|[silent]
|switch|p1a: Scream Tail|Scream Tail|100/100
|-singleturn|p2a: Breloom|move: Focus Punch
|move|p2a: Breloom|Focus Punch|p1a: Scream Tail
|-resisted|p1a: Scream Tail
|-damage|p1a: Scream Tail|87/100
|
|-heal|p2a: Breloom|90/100 tox|[from] ability: Poison Heal
|turn|12
|
|switch|p2a: Grimmsnarl|Grimmsnarl, M|100/100
|move|p1a: Scream Tail|Reflect|p1a: Scream Tail
|-sidestart|p1: p1|Reflect
|
|turn|13
|
|-end|p1a: Scream Tail|Protosynthesis|[silent]
|switch|p1a: Cyclizar|Cyclizar, F|100/100
|move|p2a: Grimmsnarl|Parting Shot|p1a: Cyclizar
|-unboost|p1a: Cyclizar|atk|1
|-unboost|p1a: Cyclizar|spa|1
|
|switch|p2a: Tinkaton|Tinkaton, F|100/100|[from] Parting Shot
|-ability|p2a: Tinkaton|Mold Breaker
|
|turn|14
|
|move|p2a: Tinkaton|Stealth Rock|p1a: Cyclizar
|-sidestart|p1: p1|move: Stealth Rock
|move|p1a: Cyclizar|Knock Off|p2a: Tinkaton
|-resisted|p2a: Tinkaton
|-damage|p2a: Tinkaton|93/100
|-enditem|p2a: Tinkaton|Leftovers|[from] move: Knock Off|[of] p1a: Cyclizar
|
|turn|15
|
|move|p2a: Tinkaton|Thunder Wave|p1a: Cyclizar
|-status|p1a: Cyclizar|par
|move|p1a: Cyclizar|U-turn|p2a: Tinkaton
|-resisted|p2a: Tinkaton
|-damage|p2a: Tinkaton|91/100
|
|switch|p1a: Ceruledge|Ceruledge, M|100/100|[from] U-turn
|-damage|p1a: Ceruledge|75/100|[from] Stealth Rock
|
|turn|16
|
|move|p2a: Tinkaton|Thunder Wave|p1a: Ceruledge|[miss]
|-miss|p2a: Tinkaton|p1a: Ceruledge
|move|p1a: Ceruledge|Swords Dance|p1a: Ceruledge
|-boost|p1a: Ceruledge|atk|2
|
|turn|17
|
|move|p2a: Tinkaton|Thunder Wave|p1a: Ceruledge
|-status|p1a: Ceruledge|par
|move|p1a: Ceruledge|Bitter Blade|p2a: Tinkaton
|-supereffective|p2a: Tinkaton
|-damage|p2a: Tinkaton|0 fnt
|-heal|p1a: Ceruledge|100/100 par|[from] drain|[of] p2a: Tinkaton
|faint|p2a: Tinkaton
|
|
|switch|p2a: Breloom|Breloom, F, tera:Water|90/100 tox
|turn|18
|
|move|p2a: Breloom|Leech Seed|p1a: Ceruledge|[miss]
|-miss|p2a: Breloom|p1a: Ceruledge
|move|p1a: Ceruledge|Close Combat|p2a: Breloom
|-damage|p2a: Breloom|17/100 tox
|-unboost|p1a: Ceruledge|def|1
|-unboost|p1a: Ceruledge|spd|1
|
|-heal|p2a: Breloom|29/100 tox|[from] ability: Poison Heal
|turn|19
|
|switch|p2a: Altaria|Altaria, F|100/100
|move|p1a: Ceruledge|Shadow Sneak|p2a: Altaria
|-damage|p2a: Altaria|61/100
|
|-sideend|p1: p1|Reflect
|turn|20
|
|move|p1a: Ceruledge|Shadow Sneak|p2a: Altaria
|-damage|p2a: Altaria|21/100
|move|p2a: Altaria|Roost|p2a: Altaria
|-heal|p2a: Altaria|71/100
|-singleturn|p2a: Altaria|move: Roost
|
|turn|21
|
|switch|p2a: Grimmsnarl|Grimmsnarl, M|100/100
|cant|p1a: Ceruledge|par
|
|turn|22
|
|move|p2a: Grimmsnarl|Reflect|p2a: Grimmsnarl
|-sidestart|p2: p2|Reflect
|move|p1a: Ceruledge|Bitter Blade|p2a: Grimmsnarl
|-crit|p2a: Grimmsnarl
|-damage|p2a: Grimmsnarl|0 fnt
|faint|p2a: Grimmsnarl
|
|
|switch|p2a: Breloom|Breloom, F, tera:Water|29/100 tox
|turn|23
|
|move|p2a: Breloom|Leech Seed|p1a: Ceruledge
|-start|p1a: Ceruledge|move: Leech Seed
|move|p1a: Ceruledge|Close Combat|p2a: Breloom
|-damage|p2a: Breloom|0 fnt
|-unboost|p1a: Ceruledge|def|1
|-unboost|p1a: Ceruledge|spd|1
|faint|p2a: Breloom
|
|
|switch|p2a: Typhlosion|Typhlosion, M|100/100
|turn|24
|
|move|p2a: Typhlosion|Shadow Ball|p1a: Ceruledge
|-supereffective|p1a: Ceruledge
|-enditem|p1a: Ceruledge|Focus Sash
|-damage|p1a: Ceruledge|1/100 par
|cant|p1a: Ceruledge|par
|
|-damage|p1a: Ceruledge|0 fnt|[from] Leech Seed|[of] p2a: Typhlosion
|faint|p1a: Ceruledge
|
|switch|p1a: Cyclizar|Cyclizar, F|100/100 par
|-damage|p1a: Cyclizar|88/100 par|[from] Stealth Rock
|turn|25
|
|switch|p2a: Altaria|Altaria, F|71/100
|move|p1a: Cyclizar|Draco Meteor|p2a: Altaria
|-supereffective|p2a: Altaria
|-damage|p2a: Altaria|17/100
|-unboost|p1a: Cyclizar|spa|2
|
|turn|26
|
|move|p2a: Altaria|Roost|p2a: Altaria
|-heal|p2a: Altaria|67/100
|-singleturn|p2a: Altaria|move: Roost
|move|p1a: Cyclizar|U-turn|p2a: Altaria
|-damage|p2a: Altaria|59/100
|
|switch|p1a: Scream Tail|Scream Tail|87/100|[from] U-turn
|-damage|p1a: Scream Tail|75/100|[from] Stealth Rock
|
|turn|27
|
|switch|p2a: Typhlosion|Typhlosion, M|100/100
|move|p1a: Scream Tail|Light Screen|p1a: Scream Tail
|-sidestart|p1: p1|move: Light Screen
|
|turn|28
|
|-end|p1a: Scream Tail|Protosynthesis|[silent]
|switch|p1a: Cyclizar|Cyclizar, F|100/100 par
|-damage|p1a: Cyclizar|88/100 par|[from] Stealth Rock
|move|p2a: Typhlosion|Eruption|p1a: Cyclizar
|-resisted|p1a: Cyclizar
|-damage|p1a: Cyclizar|70/100 par
|
|turn|29
|
|switch|p2a: Altaria|Altaria, F|59/100
|move|p1a: Cyclizar|Draco Meteor|p2a: Altaria
|-supereffective|p2a: Altaria
|-damage|p2a: Altaria|4/100
|-unboost|p1a: Cyclizar|spa|2
|
|-sideend|p2: p2|Reflect
|turn|30
|
|switch|p1a: Flapple|Flapple, M|100/100
|-damage|p1a: Flapple|88/100|[from] Stealth Rock
|move|p2a: Altaria|Roost|p2a: Altaria
|-heal|p2a: Altaria|54/100
|-singleturn|p2a: Altaria|move: Roost
|
|turn|31
|
|move|p1a: Flapple|Dragon Dance|p1a: Flapple
|-boost|p1a: Flapple|atk|1
|-boost|p1a: Flapple|spe|1
|move|p2a: Altaria|Will-O-Wisp|p1a: Flapple
|-status|p1a: Flapple|brn
|
|-damage|p1a: Flapple|82/100 brn|[from] brn
|turn|32
|
|move|p1a: Flapple|Outrage|p2a: Altaria
|-supereffective|p2a: Altaria
|-damage|p2a: Altaria|0 fnt
|faint|p2a: Altaria
|
|-damage|p1a: Flapple|76/100 brn|[from] brn
|
|switch|p2a: Baxcalibur|Baxcalibur, M|100/100
|turn|33
|
|move|p2a: Baxcalibur|Ice Shard|p1a: Flapple
|-supereffective|p1a: Flapple
|-damage|p1a: Flapple|0 fnt
|faint|p1a: Flapple
|
|
|switch|p1a: Lucario|Lucario, M|100/100
|-damage|p1a: Lucario|98/100|[from] Stealth Rock
|turn|34
|
|move|p2a: Baxcalibur|Ice Shard|p1a: Lucario
|-resisted|p1a: Lucario
|-damage|p1a: Lucario|69/100
|move|p1a: Lucario|Close Combat|p2a: Baxcalibur
|-supereffective|p2a: Baxcalibur
|-damage|p2a: Baxcalibur|0 fnt
|-unboost|p1a: Lucario|def|1
|-unboost|p1a: Lucario|spd|1
|faint|p2a: Baxcalibur
|
|-sideend|p1: p1|move: Light Screen
|
|switch|p2a: Typhlosion|Typhlosion, M|100/100
|turn|35
|
|switch|p1a: Cyclizar|Cyclizar, F|100/100 par
|-damage|p1a: Cyclizar|88/100 par|[from] Stealth Rock
|move|p2a: Typhlosion|Eruption|p1a: Cyclizar
|-resisted|p1a: Cyclizar
|-damage|p1a: Cyclizar|52/100 par
|
|turn|36
|
|move|p2a: Typhlosion|Eruption|p1a: Cyclizar
|-resisted|p1a: Cyclizar
|-damage|p1a: Cyclizar|16/100 par
|move|p1a: Cyclizar|Knock Off|p2a: Typhlosion
|-damage|p2a: Typhlosion|72/100
|-enditem|p2a: Typhlosion|Choice Specs|[from] move: Knock Off|[of] p1a: Cyclizar
|
|turn|37
|
|switch|p1a: Roaring Moon|Roaring Moon, tera:Flying|76/100 slp
|-damage|p1a: Roaring Moon|51/100 slp|[from] Stealth Rock
|move|p2a: Typhlosion|Eruption|p1a: Roaring Moon
|-damage|p1a: Roaring Moon|8/100 slp
|
|turn|38
|
|cant|p1a: Roaring Moon|slp
|move|p2a: Typhlosion|Eruption|p1a: Roaring Moon
|-damage|p1a: Roaring Moon|0 fnt
|faint|p1a: Roaring Moon
|-end|p1a: Roaring Moon|Protosynthesis|[silent]
|
|
|switch|p1a: Lucario|Lucario, M|69/100
|-damage|p1a: Lucario|66/100|[from] Stealth Rock
|turn|39
|
|move|p1a: Lucario|Close Combat|p2a: Typhlosion
|-damage|p2a: Typhlosion|0 fnt
|-unboost|p1a: Lucario|def|1
|-unboost|p1a: Lucario|spd|1
|faint|p2a: Typhlosion
|
|win|p1
