# advantage = p1
|poke|p1|Pelipper, F|
|poke|p1|Basculegion, M|
|poke|p1|Regidrago|
|poke|p1|Thundurus-Therian, M|
|poke|p1|Great Tusk|
|poke|p1|Zamazenta-*|
|poke|p2|Kleavor, F|
|poke|p2|Avalugg-Hisui, M|
|poke|p2|Spidops, M|
|poke|p2|Sneasler, F|
|poke|p2|Basculegion, M|
|poke|p2|Enamorus, F|
|teampreview
|
|start
|switch|p1a: Pelipper|Pelipper, F, shiny|100/100
|switch|p2a: The Cooler One|Kleavor, F|100/100
|-weather|RainDance|[from] ability: Drizzle|[of] p1a: Pelipper
|turn|1
|
|switch|p1a: Great Tusk|Great Tusk|100/100
|-enditem|p1a: Great Tusk|Booster Energy
|-activate|p1a: Great Tusk|ability: Protosynthesis|[fromitem]
|-start|p1a: Great Tusk|protosynthesisspe
|move|p2a: The Cooler One|Stone Axe|p1a: Great Tusk|[miss]
|-miss|p2a: The Cooler One|p1a: Great Tusk
|
|-weather|RainDance|[upkeep]
|turn|2
|
|switch|p2a: Salmon|Basculegion, M|100/100
|move|p1a: Great Tusk|Knock Off|p2a: Salmon
|-supereffective|p2a: Salmon
|-crit|p2a: Salmon
|-damage|p2a: Salmon|7/100
|-enditem|p2a: Salmon|Power Herb|[from] move: Knock Off|[of] p1a: Great Tusk
|
|-weather|RainDance|[upkeep]
|turn|3
|
|-end|p1a: Great Tusk|Protosynthesis|[silent]
|switch|p1a: Thundurus|Thundurus-Therian, M, shiny|100/100
|move|p2a: Salmon|Wave Crash|p1a: Thundurus
|-damage|p1a: Thundurus|0 fnt
|faint|p1a: Thundurus
|-damage|p2a: Salmon|0 fnt|[from] Recoil
|faint|p2a: Salmon
|
|-weather|RainDance|[upkeep]
|
|switch|p1a: Basculegion|Basculegion, M, shiny|100/100
|switch|p2a: why|Spidops, M|100/100
|turn|4
|
|move|p1a: Basculegion|Wave Crash|p2a: why
|-damage|p2a: why|0 fnt
|faint|p2a: why
|-damage|p1a: Basculegion|72/100|[from] Recoil
|
|-weather|RainDance|[upkeep]
|
|switch|p2a: The Cooler One|Kleavor, F|100/100
|turn|5
|
|move|p1a: Basculegion|Wave Crash|p2a: The Cooler One
|-supereffective|p2a: The Cooler One
|-damage|p2a: The Cooler One|0 fnt
|faint|p2a: The Cooler One
|-damage|p1a: Basculegion|48/100|[from] Recoil
|
|-weather|RainDance|[upkeep]
|
|switch|p2a: 50%|Sneasler, F|100/100
|turn|6
|-message|p2 forfeited.
|
|win|p1
