# advantage = p1
|poke|p1|Enamorus-Therian, F|
|poke|p1|Avalugg, M|
|poke|p1|Sandy Shocks|
|poke|p1|Samurott-Hisui, M|
|poke|p1|Amoonguss, F|
|poke|p1|Heatran, F|
|poke|p2|Lilligant-Hisui, F|
|poke|p2|Dragapult, F|
|poke|p2|Urshifu-*, F|
|poke|p2|Mew|
|poke|p2|Great Tusk|
|poke|p2|Baxcalibur, F|
|teampreview
|
|start
|switch|p1a: Get Wet With You|Samurott-Hisui, M|100/100
|switch|p2a: Mew|Mew|100/100
|turn|1
|
|move|p1a: Get Wet With You|Ceaseless Edge|p2a: Mew|[miss]
|-miss|p1a: Get Wet With You|p2a: Mew
|move|p2a: Mew|Stealth Rock|p1a: Get Wet With You
|-sidestart|p1: p1|move: Stealth Rock
|
|turn|2
|
|move|p1a: Get Wet With You|Ceaseless Edge|p2a: Mew|[miss]
|-miss|p1a: Get Wet With You|p2a: Mew
|move|p2a: Mew|Spikes|p1a: Get Wet With You
|-sidestart|p1: p1|Spikes
|
|turn|3
|
|move|p1a: Get Wet With You|Ceaseless Edge|p2a: Mew|[miss]
|-miss|p1a: Get Wet With You|p2a: Mew
|move|p2a: Mew|Spikes|p1a: Get Wet With You
|-sidestart|p1: p1|Spikes
|
|turn|4
|
|move|p1a: Get Wet With You|Ceaseless Edge|p2a: Mew|[miss]
|-miss|p1a: Get Wet With You|p2a: Mew
|move|p2a: Mew|Spikes|p1a: Get Wet With You
|-sidestart|p1: p1|Spikes
|
|turn|5
|
|switch|p2a: Lilligant|Lilligant-Hisui, F|100/100
|move|p1a: Get Wet With You|Ceaseless Edge|p2a: Lilligant
|-resisted|p2a: Lilligant
|-damage|p2a: Lilligant|65/100
|-sidestart|p2: p2|Spikes
|
|turn|6
|
|switch|p1a: Seed on You|Amoonguss, F|100/100
|-damage|p1a: Seed on You|88/100|[from] Stealth Rock
|-damage|p1a: Seed on You|63/100|[from] Spikes
|move|p2a: Lilligant|Close Combat|p1a: Seed on You
|-resisted|p1a: Seed on You
|-damage|p1a: Seed on You|35/100
|-unboost|p2a: Lilligant|def|1
|-unboost|p2a: Lilligant|spd|1
|-damage|p2a: Lilligant|49/100|[from] item: Rocky Helmet|[of] p1a: Seed on You
|
|turn|7
|
|switch|p2a: Great Tusk|Great Tusk|100/100
|-enditem|p2a: Great Tusk|Booster Energy
|-activate|p2a: Great Tusk|ability: Protosynthesis|[fromitem]
|-start|p2a: Great Tusk|protosynthesisatk
|-damage|p2a: Great Tusk|88/100|[from] Spikes
|move|p1a: Seed on You|Giga Drain|p2a: Great Tusk
|-supereffective|p2a: Great Tusk
|-damage|p2a: Great Tusk|21/100
|-heal|p1a: Seed on You|63/100|[from] drain|[of] p2a: Great Tusk
|
|turn|8
|
|switch|p1a: Kiss You|Enamorus-Therian, F|100/100
|-damage|p1a: Kiss You|76/100|[from] Stealth Rock
|move|p2a: Great Tusk|Headlong Rush|p1a: Kiss You
|-immune|p1a: Kiss You
|
|-heal|p1a: Kiss You|82/100|[from] item: Leftovers
|turn|9
|
|move|p2a: Great Tusk|Ice Spinner|p1a: Kiss You
|-supereffective|p1a: Kiss You
|-damage|p1a: Kiss You|32/100
|move|p1a: Kiss You|Draining Kiss|p2a: Great Tusk
|-supereffective|p2a: Great Tusk
|-damage|p2a: Great Tusk|0 fnt
|-heal|p1a: Kiss You|50/100|[from] drain|[of] p2a: Great Tusk
|faint|p2a: Great Tusk
|-end|p2a: Great Tusk|Protosynthesis|[silent]
|
|-heal|p1a: Kiss You|56/100|[from] item: Leftovers
|
|switch|p2a: Mew|Mew|100/100
|-damage|p2a: Mew|88/100|[from] Spikes
|turn|10
|
|move|p2a: Mew|Ice Beam|p1a: Kiss You
|-supereffective|p1a: Kiss You
|-damage|p1a: Kiss You|8/100
|move|p1a: Kiss You|Draining Kiss|p2a: Mew
|-damage|p2a: Mew|68/100
|-heal|p1a: Kiss You|24/100|[from] drain|[of] p2a: Mew
|
|-heal|p1a: Kiss You|30/100|[from] item: Leftovers
|turn|11
|
|switch|p1a: Lie Down with You|Avalugg, M|100/100
|move|p2a: Mew|Ice Beam|p1a: Lie Down with You
|-resisted|p1a: Lie Down with You
|-damage|p1a: Lie Down with You|80/100
|
|turn|12
|
|move|p2a: Mew|Ice Beam|p1a: Lie Down with You
|-resisted|p1a: Lie Down with You
|-damage|p1a: Lie Down with You|59/100
|move|p1a: Lie Down with You|Rapid Spin|p2a: Mew
|-damage|p2a: Mew|55/100
|-boost|p1a: Lie Down with You|spe|1
|-sideend|p1: p1|Spikes|[from] move: Rapid Spin|[of] p1a: Lie Down with You
|-sideend|p1: p1|Stealth Rock|[from] move: Rapid Spin|[of] p1a: Lie Down with You
|
|turn|13
|
|move|p2a: Mew|Ice Beam|p1a: Lie Down with You
|-resisted|p1a: Lie Down with You
|-damage|p1a: Lie Down with You|39/100
|move|p1a: Lie Down with You|Recover|p1a: Lie Down with You
|-heal|p1a: Lie Down with You|89/100
|
|turn|14
|
|move|p2a: Mew|Taunt|p1a: Lie Down with You
|-start|p1a: Lie Down with You|move: Taunt
|move|p1a: Lie Down with You|Avalanche|p2a: Mew
|-damage|p2a: Mew|32/100
|
|turn|15
|
|move|p2a: Mew|Ice Beam|p1a: Lie Down with You
|-resisted|p1a: Lie Down with You
|-damage|p1a: Lie Down with You|68/100
|move|p1a: Lie Down with You|Avalanche|p2a: Mew
|-damage|p2a: Mew|0 fnt
|faint|p2a: Mew
|
|
|switch|p2a: Urshifu|Urshifu-Rapid-Strike, F|100/100
|-damage|p2a: Urshifu|88/100|[from] Spikes
|turn|16
|
|switch|p1a: Seed on You|Amoonguss, F|97/100
|move|p2a: Urshifu|Swords Dance|p2a: Urshifu
|-boost|p2a: Urshifu|atk|2
|
|turn|17
|
|move|p2a: Urshifu|Surging Strikes|p1a: Seed on You
|-resisted|p1a: Seed on You
|-crit|p1a: Seed on You
|-damage|p1a: Seed on You|79/100
|-damage|p2a: Urshifu|72/100|[from] item: Rocky Helmet|[of] p1a: Seed on You
|-resisted|p1a: Seed on You
|-crit|p1a: Seed on You
|-damage|p1a: Seed on You|63/100
|-damage|p2a: Urshifu|55/100|[from] item: Rocky Helmet|[of] p1a: Seed on You
|-resisted|p1a: Seed on You
|-crit|p1a: Seed on You
|-damage|p1a: Seed on You|47/100
|-damage|p2a: Urshifu|39/100|[from] item: Rocky Helmet|[of] p1a: Seed on You
|-hitcount|p1a: Seed on You|3
|move|p1a: Seed on You|Clear Smog|p2a: Urshifu
|-damage|p2a: Urshifu|17/100
|-clearboost|p2a: Urshifu
|
|turn|18
|
|switch|p2a: Baxcalibur|Baxcalibur, F|100/100
|-damage|p2a: Baxcalibur|88/100|[from] Spikes
|move|p1a: Seed on You|Giga Drain|p2a: Baxcalibur
|-resisted|p2a: Baxcalibur
|-damage|p2a: Baxcalibur|76/100
|-heal|p1a: Seed on You|52/100|[from] drain|[of] p2a: Baxcalibur
|
|turn|19
|
|move|p2a: Baxcalibur|Dragon Dance|p2a: Baxcalibur
|-boost|p2a: Baxcalibur|atk|1
|-boost|p2a: Baxcalibur|spe|1
|move|p1a: Seed on You|Spore|p2a: Baxcalibur
|-status|p2a: Baxcalibur|slp|[from] move: Spore
|
|turn|20
|
|cant|p2a: Baxcalibur|slp
|move|p1a: Seed on You|Foul Play|p2a: Baxcalibur
|-damage|p2a: Baxcalibur|22/100 slp
|
|turn|21
|
|-curestatus|p2a: Baxcalibur|slp|[msg]
|move|p2a: Baxcalibur|Icicle Spear|p1a: Seed on You
|-supereffective|p1a: Seed on You
|-damage|p1a: Seed on You|22/100
|-supereffective|p1a: Seed on You
|-damage|p1a: Seed on You|0 fnt
|faint|p1a: Seed on You
|-hitcount|p1: Seed on You|2
|
|
|switch|p1a: Erupts in You|Heatran, F|100/100
|turn|22
|
|move|p2a: Baxcalibur|Earthquake|p1a: Erupts in You
|-supereffective|p1a: Erupts in You
|-damage|p1a: Erupts in You|0 fnt
|faint|p1a: Erupts in You
|
|
|switch|p1a: Lie Down with You|Avalugg, M|68/100
|turn|23
|
|move|p2a: Baxcalibur|Earthquake|p1a: Lie Down with You
|-damage|p1a: Lie Down with You|46/100
|move|p1a: Lie Down with You|Avalanche|p2a: Baxcalibur
|-damage|p2a: Baxcalibur|0 fnt
|faint|p2a: Baxcalibur
|
|
|switch|p2a: Lilligant|Lilligant-Hisui, F|49/100
|-damage|p2a: Lilligant|36/100|[from] Spikes
|turn|24
|
|move|p2a: Lilligant|Close Combat|p1a: Lie Down with You
|-supereffective|p1a: Lie Down with You
|-damage|p1a: Lie Down with You|0 fnt
|-unboost|p2a: Lilligant|def|1
|-unboost|p2a: Lilligant|spd|1
|faint|p1a: Lie Down with You
|
|
|switch|p1a: Attracted to You|Sandy Shocks|100/100
|turn|25
|
|move|p2a: Lilligant|Leaf Blade|p1a: Attracted to You
|-supereffective|p1a: Attracted to You
|-damage|p1a: Attracted to You|11/100
|move|p1a: Attracted to You|Earth Power|p2a: Lilligant
|-resisted|p2a: Lilligant
|-damage|p2a: Lilligant|0 fnt
|faint|p2a: Lilligant
|
|-heal|p1a: Attracted to You|18/100|[from] item: Leftovers
|
|switch|p2a: Urshifu|Urshifu-Rapid-Strike, F|17/100
|-damage|p2a: Urshifu|4/100|[from] Spikes
|turn|26
|
|move|p2a: Urshifu|Aqua Jet|p1a: Attracted to You
|-supereffective|p1a: Attracted to You
|-damage|p1a: Attracted to You|0 fnt
|faint|p1a: Attracted to You
|-end|p1a: Attracted to You|Protosynthesis|[silent]
|
|
|switch|p1a: Get Wet With You|Samurott-Hisui, M|100/100
|turn|27
|
|move|p1a: Get Wet With You|Ceaseless Edge|p2a: Urshifu
|-resisted|p2a: Urshifu
|-crit|p2a: Urshifu
|-damage|p2a: Urshifu|0 fnt
|-sidestart|p2: p2|Spikes
|faint|p2a: Urshifu
|
|
|switch|p2a: Dragapult|Dragapult, F|100/100
|-damage|p2a: Dragapult|84/100|[from] Spikes
|turn|28
|
|move|p1a: Get Wet With You|Ceaseless Edge|p2a: Dragapult
|-supereffective|p2a: Dragapult
|-damage|p2a: Dragapult|0 fnt
|-sidestart|p2: p2|Spikes
|faint|p2a: Dragapult
|
|win|p1
