# advantage = p1
|poke|p1|Urshifu-*, M|
|poke|p1|Scream Tail|
|poke|p1|Zapdos|
|poke|p1|Heatran, M|
|poke|p1|Gholdengo|
|poke|p1|Samurott-Hisui, F|
|poke|p2|Meowscarada, F|
|poke|p2|Dragonite, M|
|poke|p2|Great Tusk|
|poke|p2|Iron Moth|
|poke|p2|Gholdengo|
|poke|p2|Azumarill, F|
|teampreview
|
|start
|switch|p1a: Zapdos|Zapdos|100/100
|switch|p2a: Azumarill|Azumarill, F|100/100
|turn|1
|
|move|p1a: Zapdos|Volt Switch|p2a: Azumarill
|-supereffective|p2a: Azumarill
|-damage|p2a: Azumarill|56/100
|
|switch|p1a: Gholdengo|Gholdengo|100/100|[from] Volt Switch
|move|p2a: Azumarill|Ice Spinner|p1a: Gholdengo
|-resisted|p1a: Gholdengo
|-damage|p1a: Gholdengo|84/100
|
|turn|2
|
|switch|p2a: Iron Moth|Iron Moth|100/100
|move|p1a: Gholdengo|Trick|p2a: Iron Moth
|-activate|p1a: Gholdengo|move: Trick|[of] p2a: Iron Moth
|-item|p2a: Iron Moth|Toxic Orb|[from] move: Trick
|-item|p1a: Gholdengo|Heavy-Duty Boots|[from] move: Trick
|
|turn|3
|
|switch|p1a: Samurott|Samurott-Hisui, F|100/100
|move|p2a: Iron Moth|Toxic Spikes|p1a: Samurott
|-sidestart|p1: p1|move: Toxic Spikes
|
|turn|4
|
|-end|p2a: Iron Moth|Quark Drive|[silent]
|switch|p2a: Azumarill|Azumarill, F|56/100
|move|p1a: Samurott|Aqua Cutter|p2a: Azumarill
|-resisted|p2a: Azumarill
|-damage|p2a: Azumarill|28/100
|
|turn|5
|
|switch|p1a: Gholdengo|Gholdengo|84/100
|move|p2a: Azumarill|Play Rough|p1a: Gholdengo
|-resisted|p1a: Gholdengo
|-damage|p1a: Gholdengo|56/100
|
|turn|6
|
|move|p2a: Azumarill|Aqua Jet|p1a: Gholdengo
|-damage|p1a: Gholdengo|34/100
|move|p1a: Gholdengo|Hex|p2a: Azumarill
|-damage|p2a: Azumarill|4/100
|
|turn|7
|
|move|p2a: Azumarill|Aqua Jet|p1a: Gholdengo
|-damage|p1a: Gholdengo|10/100
|move|p1a: Gholdengo|Recover|p1a: Gholdengo
|-heal|p1a: Gholdengo|60/100
|
|turn|8
|
|move|p1a: Gholdengo|Recover|p1a: Gholdengo
|-heal|p1a: Gholdengo|100/100
|move|p2a: Azumarill|Liquidation|p1a: Gholdengo
|-damage|p1a: Gholdengo|49/100
|
|turn|9
|
|switch|p2a: Meowscarada|Meowscarada, F|100/100
|move|p1a: Gholdengo|Recover|p1a: Gholdengo
|-heal|p1a: Gholdengo|99/100
|
|turn|10
|
|switch|p1a: Zapdos|Zapdos|100/100
|move|p2a: Meowscarada|Knock Off|p1a: Zapdos
|-start|p2a: Meowscarada|typechange|Dark|[from] ability: Protean
|-damage|p1a: Zapdos|57/100
|-status|p2a: Meowscarada|par|[from] ability: Static|[of] p1a: Zapdos
|-enditem|p1a: Zapdos|Heavy-Duty Boots|[from] move: Knock Off|[of] p2a: Meowscarada
|
|turn|11
|
|switch|p2a: Azumarill|Azumarill, F|4/100
|move|p1a: Zapdos|Roost|p1a: Zapdos
|-heal|p1a: Zapdos|100/100
|-singleturn|p1a: Zapdos|move: Roost
|
|turn|12
|
|move|p2a: Azumarill|Aqua Jet|p1a: Zapdos
|-damage|p1a: Zapdos|72/100
|move|p1a: Zapdos|Volt Switch|p2a: Azumarill
|-supereffective|p2a: Azumarill
|-damage|p2a: Azumarill|0 fnt
|faint|p2a: Azumarill
|
|switch|p1a: Heatran|Heatran, M|100/100|[from] Volt Switch
|-item|p1a: Heatran|Air Balloon
|
|
|switch|p2a: Great Tusk|Great Tusk|100/100
|turn|13
|
|move|p2a: Great Tusk|Close Combat|p1a: Heatran
|-supereffective|p1a: Heatran
|-damage|p1a: Heatran|0 fnt
|-unboost|p2a: Great Tusk|def|1
|-unboost|p2a: Great Tusk|spd|1
|-enditem|p1a: Heatran|Air Balloon
|faint|p1a: Heatran
|
|
|switch|p1a: Gholdengo|Gholdengo|99/100
|turn|14
|
|-end|p2a: Great Tusk|Protosynthesis|[silent]
|switch|p2a: Meowscarada|Meowscarada, F|100/100 par
|move|p1a: Gholdengo|Make It Rain|p2a: Meowscarada
|-damage|p2a: Meowscarada|8/100 par
|-unboost|p1a: Gholdengo|spa|1
|
|turn|15
|
|move|p2a: Meowscarada|Sucker Punch|p1a: Gholdengo
|-start|p2a: Meowscarada|typechange|Dark|[from] ability: Protean
|-supereffective|p1a: Gholdengo
|-crit|p1a: Gholdengo
|-damage|p1a: Gholdengo|2/100
|move|p1a: Gholdengo|Hex|p2a: Meowscarada
|-resisted|p2a: Meowscarada
|-damage|p2a: Meowscarada|0 fnt
|faint|p2a: Meowscarada
|
|
|switch|p2a: Iron Moth|Iron Moth|100/100
|turn|16
|
|move|p2a: Iron Moth|Flamethrower|p1a: Gholdengo
|-supereffective|p1a: Gholdengo
|-damage|p1a: Gholdengo|0 fnt
|faint|p1a: Gholdengo
|
|
|switch|p1a: Samurott|Samurott-Hisui, F|100/100
|-status|p1a: Samurott|psn
|turn|17
|
|-end|p2a: Iron Moth|Quark Drive|[silent]
|switch|p2a: Great Tusk|Great Tusk|100/100
|move|p1a: Samurott|Aqua Cutter|p2a: Great Tusk
|-supereffective|p2a: Great Tusk
|-damage|p2a: Great Tusk|29/100
|
|-damage|p1a: Samurott|88/100 psn|[from] psn
|turn|18
|
|switch|p1a: Zapdos|Zapdos|72/100
|move|p2a: Great Tusk|Headlong Rush|p1a: Zapdos
|-immune|p1a: Zapdos
|
|turn|19
|
|-end|p2a: Great Tusk|Protosynthesis|[silent]
|switch|p2a: Iron Moth|Iron Moth|100/100
|move|p1a: Zapdos|Volt Switch|p2a: Iron Moth
|-damage|p2a: Iron Moth|65/100
|
|switch|p1a: Samurott|Samurott-Hisui, F|88/100 psn|[from] Volt Switch
|
|-damage|p1a: Samurott|76/100 psn|[from] psn
|turn|20
|
|-end|p2a: Iron Moth|Quark Drive|[silent]
|switch|p2a: Dragonite|Dragonite, M|100/100
|move|p1a: Samurott|Aqua Cutter|p2a: Dragonite
|-resisted|p2a: Dragonite
|-damage|p2a: Dragonite|86/100
|
|-damage|p1a: Samurott|63/100 psn|[from] psn
|turn|21
|
|move|p2a: Dragonite|Dragon Dance|p2a: Dragonite
|-boost|p2a: Dragonite|atk|1
|-boost|p2a: Dragonite|spe|1
|move|p1a: Samurott|Ceaseless Edge|p2a: Dragonite
|-damage|p2a: Dragonite|30/100
|-sidestart|p2: p2|Spikes
|
|-damage|p1a: Samurott|51/100 psn|[from] psn
|turn|22
|
|move|p1a: Samurott|Sucker Punch|p2a: Dragonite
|-damage|p2a: Dragonite|0 fnt
|faint|p2a: Dragonite
|
|-damage|p1a: Samurott|38/100 psn|[from] psn
|
|switch|p2a: Great Tusk|Great Tusk|29/100
|-damage|p2a: Great Tusk|17/100|[from] Spikes
|turn|23
|
|move|p1a: Samurott|Sucker Punch|p2a: Great Tusk
|-resisted|p2a: Great Tusk
|-damage|p2a: Great Tusk|5/100
|move|p2a: Great Tusk|Close Combat|p1a: Samurott
|-supereffective|p1a: Samurott
|-damage|p1a: Samurott|0 fnt
|-unboost|p2a: Great Tusk|def|1
|-unboost|p2a: Great Tusk|spd|1
|faint|p1a: Samurott
|
|
|switch|p1a: Zapdos|Zapdos|72/100
|turn|24
|
|-end|p2a: Great Tusk|Protosynthesis|[silent]
|switch|p2a: Gholdengo|Gholdengo|100/100
|-damage|p2a: Gholdengo|88/100|[from] Spikes
|move|p1a: Zapdos|Heat Wave|p2a: Gholdengo
|-supereffective|p2a: Gholdengo
|-damage|p2a: Gholdengo|14/100
|
|turn|25
|
|move|p2a: Gholdengo|Shadow Ball|p1a: Zapdos
|-damage|p1a: Zapdos|25/100
|move|p1a: Zapdos|Volt Switch|p2a: Gholdengo
|-damage|p2a: Gholdengo|0 fnt
|faint|p2a: Gholdengo
|
|switch|p1a: Scream Tail|Scream Tail|100/100|[from] Volt Switch
|-status|p1a: Scream Tail|psn
|
|-damage|p1a: Scream Tail|88/100 psn|[from] psn
|
|switch|p2a: Great Tusk|Great Tusk|5/100
|-damage|p2a: Great Tusk|0 fnt|[from] Spikes
|faint|p2a: Great Tusk
|-end|p2a: Great Tusk|Protosynthesis|[silent]
|
|switch|p2a: Iron Moth|Iron Moth|65/100
|-damage|p2a: Iron Moth|52/100|[from] Spikes
|turn|26
|
|move|p1a: Scream Tail|Wish|p1a: Scream Tail
|move|p2a: Iron Moth|Sludge Wave|p1a: Scream Tail
|-supereffective|p1a: Scream Tail
|-damage|p1a: Scream Tail|9/100 psn
|
|-heal|p1a: Scream Tail|15/100 psn|[from] item: Leftovers
|-damage|p1a: Scream Tail|3/100 psn|[from] psn
|turn|27
|
|move|p1a: Scream Tail|Encore|p2a: Iron Moth
|-start|p2a: Iron Moth|Encore
|move|p2a: Iron Moth|Sludge Wave|p1a: Scream Tail
|-supereffective|p1a: Scream Tail
|-damage|p1a: Scream Tail|0 fnt
|faint|p1a: Scream Tail
|-end|p1a: Scream Tail|Protosynthesis|[silent]
|
|
|switch|p1a: Urshifu|Urshifu-Rapid-Strike, M|100/100
|-status|p1a: Urshifu|psn
|turn|28
|
|-terastallize|p1a: Urshifu|Water
|move|p2a: Iron Moth|Sludge Wave|p1a: Urshifu
|-damage|p1a: Urshifu|18/100 psn
|move|p1a: Urshifu|Surging Strikes|p2a: Iron Moth
|-supereffective|p2a: Iron Moth
|-crit|p2a: Iron Moth
|-damage|p2a: Iron Moth|0 fnt
|faint|p2a: Iron Moth
|-end|p2a: Iron Moth|Quark Drive|[silent]
|-hitcount|p2: Iron Moth|1
|-damage|p1a: Urshifu|8/100 psn|[from] item: Life Orb
|
|win|p1
